<record><header><identifier>oai:alma.41SLSP_UGE:991000031309705502</identifier><datestamp>2023-03-01T01:09:05Z</datestamp><setSpec>uge_bcen_RapidILL_BOOK</setSpec><setSpec>uge_aaca_RapidILL_BOOK</setSpec><setSpec>uge_abels_RapidILL_BOOK</setSpec><setSpec>uge_dbu_RapidILL_BOOK</setSpec><setSpec>uge_cmu_RapidILL_BOOK</setSpec><setSpec>uge_mail_RapidILL_BOOK</setSpec><setSpec>UNIGE_ALL</setSpec><setSpec>uge_abbat_RapidILL_BOOK</setSpec><setSpec>uge_aobs_RapidILL_BOOK</setSpec><setSpec>uge_acar_RapidILL_BOOK</setSpec></header><metadata>
<record xmlns="http://www.loc.gov/MARC21/slim" xmlns:xsi="http://www.w3.org/2001/XMLSchema-instance" xsi:schemaLocation="http://www.loc.gov/MARC21/slim http://www.loc.gov/standards/marcxml/schema/MARC21slim.xsd"><leader>02568nam a2200481 c 4500</leader><controlfield tag="001">991000031309705502</controlfield><controlfield tag="005">20230217230656.0</controlfield><controlfield tag="008">051207m20059999ru ||||| |||| 00| ||rus d</controlfield><datafield ind1=" " ind2=" " tag="020"><subfield code="a">5955100768</subfield></datafield><datafield ind1=" " ind2=" " tag="020"><subfield code="a">9785955104126</subfield><subfield code="q">T.2</subfield></datafield><datafield ind1=" " ind2=" " tag="020"><subfield code="a">9785955104584</subfield><subfield code="q">T.3</subfield></datafield><datafield ind1=" " ind2=" " tag="020"><subfield code="a">9785990575912</subfield><subfield code="q">T.4</subfield></datafield><datafield ind1="7" ind2=" " tag="024"><subfield code="a">http://catalogue.bnf.fr/ark:/12148/cb43575169n</subfield><subfield code="2">uri</subfield></datafield><datafield ind1=" " ind2=" " tag="035"><subfield code="a">(swissbib)102732981-41slsp_network</subfield></datafield><datafield ind1=" " ind2=" " tag="035"><subfield code="a">102732981</subfield><subfield code="9">ExL</subfield></datafield><datafield ind1=" " ind2=" " tag="035"><subfield code="a">(RERO)R003956210-41slsp</subfield></datafield><datafield ind1=" " ind2=" " tag="035"><subfield code="a">(EXLNZ-41SLSP_NETWORK)991026772939705501</subfield></datafield><datafield ind1=" " ind2=" " tag="040"><subfield code="a">RERO geulru</subfield><subfield code="d">CH-ZuSLS</subfield></datafield><datafield ind1=" " ind2="7" tag="072"><subfield code="a">ru</subfield><subfield code="2">rero</subfield></datafield><datafield ind1="0" ind2="0" tag="245"><subfield code="6">880-01</subfield><subfield code="a">Konkordans k stikhotvorenii︠a︡m M. Kuzmina</subfield><subfield code="c">[sost.] A.V. Gik</subfield></datafield><datafield ind1="0" ind2="0" tag="880"><subfield code="6">245-01/(N</subfield><subfield code="a">Конкорданс к стихотворениям М. Кузмина</subfield><subfield code="c">[сост.] А.В. Гик</subfield></datafield><datafield ind1="1" ind2=" " tag="246"><subfield code="a">Konkordans k stichotvorenijam M. Kuzmina / [sost.] A.V. Gik</subfield></datafield><datafield ind1=" " ind2="1" tag="264"><subfield code="6">880-02</subfield><subfield code="a">Moskva</subfield><subfield code="b">Jazyki slavjanskoj kulʹtury</subfield><subfield code="c">2005-</subfield></datafield><datafield ind1=" " ind2="1" tag="880"><subfield code="6">264-02/(N</subfield><subfield code="a">Москва</subfield><subfield code="b">Языки славянской культуры</subfield><subfield code="c">2005-</subfield></datafield><datafield ind1=" " ind2=" " tag="300"><subfield code="a">T. 1-</subfield></datafield><datafield ind1=" " ind2=" " tag="336"><subfield code="b">txt</subfield><subfield code="2">rdacontent</subfield></datafield><datafield ind1=" " ind2=" " tag="337"><subfield code="b">n</subfield><subfield code="2">rdamedia</subfield></datafield><datafield ind1=" " ind2=" " tag="338"><subfield code="b">nc</subfield><subfield code="2">rdacarrier</subfield></datafield><datafield ind1="1" ind2=" " tag="490"><subfield code="a">Studia poetica</subfield></datafield><datafield ind1="0" ind2=" " tag="505"><subfield code="a">T. 4: Kha-I︠A︡shchik</subfield></datafield><datafield ind1="0" ind2=" " tag="505"><subfield code="6">880-03</subfield><subfield code="a">Tom 1: A-J</subfield></datafield><datafield ind1="0" ind2=" " tag="880"><subfield code="6">505-03/(N</subfield><subfield code="a">Том 1: А-Й</subfield></datafield><datafield ind1="0" ind2=" " tag="505"><subfield code="6">880-04</subfield><subfield code="a">Tom 2: K-Oščuščenie</subfield></datafield><datafield ind1="0" ind2=" " tag="880"><subfield code="6">505-04/(N</subfield><subfield code="a">Том 2: К-Ощущение</subfield></datafield><datafield ind1="0" ind2=" " tag="505"><subfield code="6">880-05</subfield><subfield code="a">Tom 3: P-Fʹord</subfield></datafield><datafield ind1="0" ind2=" " tag="880"><subfield code="6">505-05/(N</subfield><subfield code="a">Том 3: П-Фьорд</subfield></datafield><datafield ind1="1" ind2="7" tag="600"><subfield code="a">Kuzmin, Mihail Alekseevič</subfield><subfield code="d">1875-1936</subfield><subfield code="0">(IDREF)034351469</subfield><subfield code="2">idref</subfield></datafield><datafield ind1=" " ind2="7" tag="650"><subfield code="a">Poésie</subfield><subfield code="0">(IDREF)027247465</subfield><subfield code="2">idref</subfield></datafield><datafield ind1=" " ind2="7" tag="655"><subfield code="a">Concordances</subfield><subfield code="0">(IDREF)027230686</subfield><subfield code="2">idref</subfield></datafield><datafield ind1="1" ind2=" " tag="700"><subfield code="6">880-06</subfield><subfield code="a">Gik, A. V.</subfield><subfield code="d">19..-....</subfield><subfield code="0">(IDREF)250620014</subfield></datafield><datafield ind1="1" ind2=" " tag="880"><subfield code="6">700-06/(N</subfield><subfield code="a">Гик, А.В</subfield></datafield><datafield ind1=" " ind2=" " tag="830"><subfield code="6">880-08</subfield><subfield code="a">Studia poetica</subfield><subfield code="g">Moskva</subfield><subfield code="w">(RERO)R279422360-41slsp</subfield></datafield><datafield ind1=" " ind2="0" tag="880"><subfield code="6">830-08</subfield><subfield code="a">Studia poetica</subfield><subfield code="g">Москва</subfield></datafield><datafield ind1=" " ind2=" " tag="900"><subfield code="a">REROnoselfmerge</subfield></datafield></record>
</metadata></record>