<record><header><identifier>oai:alma.41SLSP_UGE:991000031829705502</identifier><datestamp>2023-11-25T02:18:13Z</datestamp><setSpec>uge_bcen_RapidILL_BOOK</setSpec><setSpec>uge_aaca_RapidILL_BOOK</setSpec><setSpec>uge_abels_RapidILL_BOOK</setSpec><setSpec>uge_dbu_RapidILL_BOOK</setSpec><setSpec>uge_cmu_RapidILL_BOOK</setSpec><setSpec>uge_mail_RapidILL_BOOK</setSpec><setSpec>uge_abbat_RapidILL_BOOK</setSpec><setSpec>UNIGE_ALL</setSpec><setSpec>uge_acar_RapidILL_BOOK</setSpec><setSpec>uge_aobs_RapidILL_BOOK</setSpec></header><metadata>
<record xmlns="http://www.loc.gov/MARC21/slim" xmlns:xsi="http://www.w3.org/2001/XMLSchema-instance" xsi:schemaLocation="http://www.loc.gov/MARC21/slim http://www.loc.gov/standards/marcxml/schema/MARC21slim.xsd"><leader>06275nam a2200817 c 4500</leader><controlfield tag="001">991000031829705502</controlfield><controlfield tag="005">20231025141910.0</controlfield><controlfield tag="008">201012s2008    sz            00| | fre  </controlfield><datafield ind1=" " ind2=" " tag="020"><subfield code="a">9783725555758</subfield><subfield code="c">CHF: 168.00</subfield></datafield><datafield ind1=" " ind2=" " tag="035"><subfield code="a">(swissbib)239027795-41slsp_network</subfield></datafield><datafield ind1=" " ind2=" " tag="035"><subfield code="a">239027795</subfield><subfield code="9">ExL</subfield></datafield><datafield ind1=" " ind2=" " tag="035"><subfield code="a">(SBT)000565906SBT01</subfield></datafield><datafield ind1=" " ind2=" " tag="035"><subfield code="a">(IDSBB)004448908DSV01</subfield></datafield><datafield ind1=" " ind2=" " tag="035"><subfield code="a">(IDSLU)000554718ILU01</subfield></datafield><datafield ind1=" " ind2=" " tag="035"><subfield code="a">(NEBIS)005543224EBI01</subfield></datafield><datafield ind1=" " ind2=" " tag="035"><subfield code="a">(IDSSG)000453822HSB01</subfield></datafield><datafield ind1=" " ind2=" " tag="035"><subfield code="a">(RERO)R004659232-41slsp</subfield></datafield><datafield ind1=" " ind2=" " tag="035"><subfield code="a">(ALEX)bv001373312</subfield></datafield><datafield ind1=" " ind2=" " tag="035"><subfield code="a">(EXLNZ-41SLSP_NETWORK)991048278139705501</subfield></datafield><datafield ind1=" " ind2=" " tag="040"><subfield code="a">SzBzSBTc BZBC</subfield><subfield code="d">CH-ZuSLS</subfield></datafield><datafield ind1=" " ind2=" " tag="044"><subfield code="a">sz</subfield><subfield code="c">ch-ge</subfield></datafield><datafield ind1=" " ind2="7" tag="072"><subfield code="a">rw</subfield><subfield code="2">SzZuIDS BS/BE</subfield></datafield><datafield ind1=" " ind2="7" tag="072"><subfield code="a">807</subfield><subfield code="2">IDS LU</subfield></datafield><datafield ind1=" " ind2="7" tag="072"><subfield code="a">830</subfield><subfield code="2">IDS LU</subfield></datafield><datafield ind1=" " ind2="7" tag="072"><subfield code="a">dr</subfield><subfield code="2">rero</subfield></datafield><datafield ind1="1" ind2="4" tag="082"><subfield code="a">340</subfield><subfield code="2">15</subfield></datafield><datafield ind1=" " ind2=" " tag="084"><subfield code="a">PH 6113</subfield><subfield code="2">rvk</subfield></datafield><datafield ind1=" " ind2=" " tag="084"><subfield code="a">CA/CH 87 g</subfield><subfield code="2">cjurrom</subfield></datafield><datafield ind1="1" ind2=" " tag="100"><subfield code="6">880-01</subfield><subfield code="a">Hurtado Pozo, José</subfield><subfield code="d">1942-....</subfield><subfield code="0">(IDREF)031922899</subfield><subfield code="4">cre</subfield></datafield><datafield ind1="1" ind2=" " tag="880"><subfield code="6">100-01</subfield><subfield code="a">Hurtado Pozo, José</subfield><subfield code="0">(SBT11)000004068</subfield></datafield><datafield ind1="1" ind2=" " tag="880"><subfield code="6">100-01</subfield><subfield code="a">Hurtado Pozo, José</subfield><subfield code="d">1942-</subfield><subfield code="0">(DE-588)1042906157</subfield></datafield><datafield ind1="1" ind2="0" tag="245"><subfield code="a">Droit pénal</subfield><subfield code="b">partie générale</subfield><subfield code="c">José Hurtado Pozo</subfield></datafield><datafield ind1="1" ind2=" " tag="246"><subfield code="a">Droit pénal, partie générale</subfield></datafield><datafield ind1=" " ind2=" " tag="250"><subfield code="a">Nouvelle édition refondue et augmentée</subfield></datafield><datafield ind1=" " ind2="1" tag="264"><subfield code="a">Genève</subfield><subfield code="b">Schulthess</subfield><subfield code="c">2008</subfield></datafield><datafield ind1=" " ind2=" " tag="300"><subfield code="a">LXXII, 635 p.</subfield><subfield code="c">23 cm</subfield></datafield><datafield ind1=" " ind2=" " tag="336"><subfield code="b">txt</subfield><subfield code="2">rdacontent</subfield></datafield><datafield ind1=" " ind2=" " tag="337"><subfield code="b">n</subfield><subfield code="2">rdamedia</subfield></datafield><datafield ind1=" " ind2=" " tag="338"><subfield code="b">nc</subfield><subfield code="2">rdacarrier</subfield></datafield><datafield ind1="1" ind2=" " tag="490"><subfield code="a">Droit pénal / José Hurtado Pozo</subfield><subfield code="v">1</subfield></datafield><datafield ind1=" " ind2=" " tag="500"><subfield code="a">Fusione delle due opere &quot;Droit pénal - Partie Générale I&quot; e &quot;Droit pénal - Partie Générale II&quot;</subfield></datafield><datafield ind1=" " ind2=" " tag="500"><subfield code="a">Fusion der Teile 1 und 2 ab dieser Ausg., vorher Auflagenmischung</subfield></datafield><datafield ind1=" " ind2=" " tag="500"><subfield code="a">Ed. précédentes parues en 2 parties</subfield></datafield><datafield ind1=" " ind2=" " tag="504"><subfield code="a">Bibliogr.: p. XXXIII-LXXII</subfield></datafield><datafield ind1=" " ind2=" " tag="504"><subfield code="a">Index.</subfield></datafield><datafield ind1=" " ind2=" " tag="520"><subfield code="a">Dans cette nouvelle édition, le Professeur José Hurtado Pozo présente la partie générale du Code pénal révisé, suite à la réforme récemment entrée en vigueur. Les principes fondamentaux du droit pénal, l'évolution du droit pénal suisse et l'application de la loi pénale dans l'espace, dans le temps et quant aux personnes sont ainsi abordés. La théorie de l'infraction pénale, soit les conditions de la répression pénale, est traitée de manière approfondie. Enfin, l'auteur développe succinctement le système des sanctions pénales et les bases du nouveau droit pénal des mineurs.L'ouvrage renvoie à la jurisprudence fédérale et à la doctrine suisse mais aussi allemande. Il contient divers annexes qui en facilitent la lecture et l'utilisation. Destiné à l'enseignement universitaire, cet ouvrage devrait aussi intéresser les praticiens en raison de la profondeur et de l'étendue de son analyse.</subfield><subfield code="5">SBT/27.09.2011/BUL/RCG</subfield></datafield><datafield ind1=" " ind2="4" tag="650"><subfield code="a">Diritto penale</subfield><subfield code="z">Svizzera</subfield><subfield code="x">manuali</subfield></datafield><datafield ind1=" " ind2="7" tag="650"><subfield code="a">Strafrecht</subfield><subfield code="2">idszbz</subfield></datafield><datafield ind1=" " ind2="0" tag="650"><subfield code="a">Criminal law</subfield><subfield code="z">Switzerland</subfield></datafield><datafield ind1=" " ind2="7" tag="650"><subfield code="a">ALLGEMEINES STRAFRECHT</subfield><subfield code="9">ger</subfield><subfield code="0">(ETHUDK)000049907</subfield><subfield code="2">ethudk</subfield></datafield><datafield ind1=" " ind2="7" tag="650"><subfield code="a">SCHWEIZ (MITTELEUROPA). SCHWEIZERISCHE EIDGENOSSENSCHAFT</subfield><subfield code="9">ger</subfield><subfield code="0">(ETHUDK)000004571</subfield><subfield code="2">ethudk</subfield></datafield><datafield ind1=" " ind2="7" tag="650"><subfield code="a">Strafrecht</subfield><subfield code="0">(DE-588)4057795-8</subfield><subfield code="2">gnd</subfield></datafield><datafield ind1=" " ind2="7" tag="650"><subfield code="a">Allgemeiner Teil</subfield><subfield code="0">(DE-588)4141955-8</subfield><subfield code="2">gnd</subfield></datafield><datafield ind1=" " ind2="7" tag="650"><subfield code="a">Strafrecht</subfield><subfield code="9">ger</subfield><subfield code="0">(RERO)jurivoc000021776ger</subfield><subfield code="2">jurivoc</subfield></datafield><datafield ind1=" " ind2="7" tag="650"><subfield code="a">allgemeines Strafrecht</subfield><subfield code="9">ger</subfield><subfield code="0">(RERO)jurivoc000000845ger</subfield><subfield code="2">jurivoc</subfield></datafield><datafield ind1=" " ind2="7" tag="650"><subfield code="a">Droit pénal</subfield><subfield code="0">(IDREF)027466892</subfield><subfield code="2">idref</subfield></datafield><datafield ind1=" " ind2="7" tag="651"><subfield code="a">Schweiz</subfield><subfield code="0">(DE-588)4053881-3</subfield><subfield code="2">gnd</subfield></datafield><datafield ind1=" " ind2="7" tag="651"><subfield code="a">Schweiz</subfield><subfield code="9">ger</subfield><subfield code="0">(RERO)jurivoc000019912ger</subfield><subfield code="2">jurivoc</subfield></datafield><datafield ind1=" " ind2="7" tag="651"><subfield code="a">Suisse</subfield><subfield code="0">(IDREF)027249654</subfield><subfield code="2">idref</subfield></datafield><datafield ind1=" " ind2="7" tag="655"><subfield code="a">Lehrbuch</subfield><subfield code="2">gnd-content</subfield></datafield><datafield ind1=" " ind2="7" tag="655"><subfield code="a">Grundlagenwerk</subfield><subfield code="9">ger</subfield><subfield code="2">jurivoc</subfield><subfield code="0">(RERO)jurivoc000010408ger</subfield></datafield><datafield ind1=" " ind2="7" tag="655"><subfield code="a">Manuels d'enseignement</subfield><subfield code="0">(IDREF)027446514</subfield><subfield code="2">idref</subfield></datafield><datafield ind1=" " ind2=" " tag="690"><subfield code="a">extradition ; disposition ; dol ; unification ; introduction ; ancrage ; exclusion ; conception ; incrimination ; commission ; remplacement ; jugement ; localisation ; orientation ; mesure ; rapport ; mineur ; action ; peine ; teneur ; augmentation ; mode d'saction ; chapitre ; principe ; fonctionnaire ; fondement ; finaliste ; immatriculation ; consentement ; partie ; table ; notion ; article ; demande ; sens ; limite ; criminologie ; dogmatique ; forme ; ration ; texte ; base ; suisse ; plainte ; allemagne ; agent ; intention ; contravention ; analogie ; but ; espace ; fonction ; pavillon ; rente ; solution ; auteur ; reconnaissance ; origine ; condition ; temps ; position ; empire ; moment ; acte ; cas ; lit ; voie ; recours ; membre ; doctrine ; objet ; omission ; conscience ; erreur ; ictus ; accord</subfield><subfield code="2">idssg-J</subfield></datafield><datafield ind1=" " ind2=" " tag="690"><subfield code="a">Droit p; droit p; disciplinaire i; Dogmatique p; Ancien Code; Nouveau Code; Mineurs p; de_fait l; premier degr</subfield><subfield code="2">idssg-J</subfield></datafield><datafield ind1=" " ind2=" " tag="690"><subfield code="a">Suisse [100]; Allemagne [49]; France [100]; État [28]</subfield><subfield code="2">idssg-J</subfield></datafield><datafield ind1=" " ind2=" " tag="690"><subfield code="a">nal; g; n; rale; dition; augment; e; Jos; Hurtado; Pozo; Universit; Schulthess; res; abr; viations; XXXIII; Premi; re; ral; p; sp; cial; nale; riel; ret; Caract; volution; Deuxi; f; dict; Conf; caract; cantonalesd; proc; galit; Gen; b; c; ments; gal; quences; cision; clart; Interpr; tation; ralit; interpr; thodes; Hi; rarchie; m; r; pressif; comp; tence; Syst; territorialit; Diff; th; ories; o; sultat; trangers; al; tranger; rales; ElMP; Proc; probl; rents; Particularit; concern; gles; modalit; ex; cution; Modalit; particuli; Ex; el; lex; mitior; interm; diaires; Lex; termination; naux; ge; gime; Privil; ges; Immunit; Troisi; Th; orie; oclassique; gative; Quatri; Typicit; Enonc; illic; it; El; incrimin; rielles; sion; gligence; ciales; instantan; nonc; gaux; causalit; quivalence; ad; quate; Causalit; Cr; ation; alisation; risaue; Concr; tisation; cha; Appr; ciation; Volont; Dol; deuxi; degr; ventuel; Cat; gories; Aberratio; vel; impetus; Dolus; neraü; Error; objecto; Disponibilit; claration; volont; Capacit; alable; Illic; rielle; XXXIII; D</subfield><subfield code="2">idssg-J</subfield></datafield><datafield ind1=" " ind2=" " tag="691"><subfield code="e">345.494</subfield><subfield code="a">Diritto penale. Svizzera</subfield><subfield code="2">usi-TE</subfield></datafield><datafield ind1=" " ind2=" " tag="691"><subfield code="e">PC 87 CH</subfield><subfield code="2">rzs-L1</subfield></datafield><datafield ind1="1" ind2=" " tag="800"><subfield code="a">Hurtado Pozo, José</subfield><subfield code="d">1942-</subfield><subfield code="t">Droit pénal</subfield><subfield code="v">1</subfield></datafield><datafield ind1="4" ind2=" " tag="856"><subfield code="3">Titelblatt und Inhaltsverzeichnis</subfield><subfield code="u">https://toc.library.ethz.ch/objects/pdf/z01_978-3-7255-5575-8_01.pdf</subfield><subfield code="q">pdf</subfield></datafield><datafield ind1=" " ind2=" " tag="900"><subfield code="a">IDSZ2zbzmon200803e</subfield><subfield code="c">IDSZ2haff</subfield><subfield code="d">IDSZ2zbzswk200803b</subfield><subfield code="e">IDSZ2wiel</subfield></datafield><datafield ind1=" " ind2=" " tag="900"><subfield code="a">IDSZ2rwimon200803l</subfield><subfield code="c">IDSZ2buche</subfield><subfield code="d">IDSZ2rwiswk200804b</subfield><subfield code="e">IDSZ2mash</subfield></datafield><datafield ind1=" " ind2=" " tag="949"><subfield code="a">https://toc.library.ethz.ch/objects/pdf/z01_978-3-7255-5575-8_01.pdf</subfield></datafield></record>
</metadata></record>