<record><header><identifier>oai:alma.41SLSP_UGE:991000031199705502</identifier><datestamp>2023-06-20T00:26:49Z</datestamp><setSpec>uge_bcen_RapidILL_BOOK</setSpec><setSpec>uge_aaca_RapidILL_BOOK</setSpec><setSpec>uge_abels_RapidILL_BOOK</setSpec><setSpec>uge_dbu_RapidILL_BOOK</setSpec><setSpec>uge_cmu_RapidILL_BOOK</setSpec><setSpec>uge_mail_RapidILL_BOOK</setSpec><setSpec>uge_abbat_RapidILL_BOOK</setSpec><setSpec>UNIGE_ALL</setSpec><setSpec>uge_aobs_RapidILL_BOOK</setSpec><setSpec>uge_acar_RapidILL_BOOK</setSpec></header><metadata>
<record xmlns="http://www.loc.gov/MARC21/slim" xmlns:xsi="http://www.w3.org/2001/XMLSchema-instance" xsi:schemaLocation="http://www.loc.gov/MARC21/slim http://www.loc.gov/standards/marcxml/schema/MARC21slim.xsd"><leader>02321nam a2200625 c 4500</leader><controlfield tag="001">991000031199705502</controlfield><controlfield tag="005">20230619194015.0</controlfield><controlfield tag="007">cr |||||||||||</controlfield><controlfield tag="008">201011s2010    ne            00| | eng| </controlfield><datafield ind1=" " ind2=" " tag="010"><subfield code="a">2009037175</subfield></datafield><datafield ind1=" " ind2=" " tag="020"><subfield code="a">9789047443797</subfield><subfield code="q">eISBN</subfield></datafield><datafield ind1=" " ind2=" " tag="020"><subfield code="a">9004179496</subfield><subfield code="c">(hardback : alk. paper)</subfield></datafield><datafield ind1=" " ind2=" " tag="020"><subfield code="a">9789004179493</subfield><subfield code="c">(hardback : alk. paper)</subfield></datafield><datafield ind1="7" ind2=" " tag="024"><subfield code="a">http://catalogue.bnf.fr/ark:/12148/cb42299948m</subfield><subfield code="2">uri</subfield></datafield><datafield ind1=" " ind2=" " tag="035"><subfield code="a">(swissbib)227897153-41slsp_network</subfield></datafield><datafield ind1=" " ind2=" " tag="035"><subfield code="a">227897153</subfield><subfield code="9">ExL</subfield></datafield><datafield ind1=" " ind2=" " tag="035"><subfield code="a">(NEBIS)005880814EBI01</subfield></datafield><datafield ind1=" " ind2=" " tag="035"><subfield code="a">(RERO)R005714753-41slsp</subfield></datafield><datafield ind1=" " ind2=" " tag="035"><subfield code="a">(IDSBB)005022960DSV01</subfield></datafield><datafield ind1=" " ind2=" " tag="035"><subfield code="a">(OCoLC)435967629</subfield></datafield><datafield ind1=" " ind2=" " tag="035"><subfield code="a">(EXLNZ-41SLSP_NETWORK)991045054909705501</subfield></datafield><datafield ind1=" " ind2=" " tag="040"><subfield code="a">DLC</subfield><subfield code="d">CH-ZuSLS</subfield></datafield><datafield ind1=" " ind2=" " tag="050"><subfield code="a">BM487</subfield><subfield code="b">.T58 2010</subfield></datafield><datafield ind1=" " ind2="7" tag="072"><subfield code="a">th</subfield><subfield code="2">rero</subfield></datafield><datafield ind1=" " ind2="7" tag="072"><subfield code="a">th</subfield><subfield code="2">SzZuIDS BS/BE</subfield></datafield><datafield ind1="1" ind2=" " tag="080"><subfield code="a">228.1</subfield></datafield><datafield ind1="0" ind2="4" tag="082"><subfield code="a">296.1 55</subfield><subfield code="2">22</subfield></datafield><datafield ind1="0" ind2="4" tag="082"><subfield code="a">296.155</subfield><subfield code="2">22</subfield></datafield><datafield ind1="1" ind2=" " tag="100"><subfield code="a">Tov, ʿEmanuʾel</subfield><subfield code="d">1941-</subfield><subfield code="0">(DE-588)124538878</subfield></datafield><datafield ind1="1" ind2="0" tag="245"><subfield code="a">Revised lists of the texts from the Judaean desert</subfield><subfield code="c">by Emanuel Tov</subfield></datafield><datafield ind1=" " ind2="1" tag="264"><subfield code="a">Leiden</subfield><subfield code="b">Brill</subfield><subfield code="c">2010</subfield></datafield><datafield ind1=" " ind2=" " tag="300"><subfield code="a">139 p.</subfield><subfield code="c">33 cm</subfield></datafield><datafield ind1=" " ind2=" " tag="336"><subfield code="b">txt</subfield><subfield code="2">rdacontent</subfield></datafield><datafield ind1=" " ind2=" " tag="337"><subfield code="b">n</subfield><subfield code="2">rdamedia</subfield></datafield><datafield ind1=" " ind2=" " tag="338"><subfield code="b">nc</subfield><subfield code="2">rdacarrier</subfield></datafield><datafield ind1="0" ind2="7" tag="630"><subfield code="a">Qumrantexte</subfield><subfield code="2">idszbz</subfield></datafield><datafield ind1="0" ind2="0" tag="630"><subfield code="a">Bible</subfield><subfield code="p">Old Testament</subfield><subfield code="x">Manuscripts, Hebrew</subfield><subfield code="v">Indexes</subfield></datafield><datafield ind1="0" ind2="0" tag="630"><subfield code="a">Dead Sea scrolls</subfield><subfield code="v">Indexes</subfield></datafield><datafield ind1="0" ind2="0" tag="630"><subfield code="a">Dead Sea scrolls</subfield></datafield><datafield ind1="0" ind2="7" tag="630"><subfield code="a">Qumrantexte</subfield><subfield code="0">(DE-588)4048098-7</subfield><subfield code="2">gnd</subfield></datafield><datafield ind1=" " ind2="0" tag="650"><subfield code="a">Manuscripts</subfield><subfield code="z">Judaea, Wilderness of</subfield><subfield code="v">Indexes</subfield></datafield><datafield ind1=" " ind2="0" tag="650"><subfield code="a">Religion</subfield></datafield><datafield ind1=" " ind2="0" tag="650"><subfield code="a">Manuscripts</subfield><subfield code="z">Judaea, Wilderness of</subfield></datafield><datafield ind1=" " ind2="7" tag="650"><subfield code="a">Manuscrits de la Mer Morte</subfield><subfield code="0">(IDREF)02726548X</subfield><subfield code="2">idref</subfield></datafield><datafield ind1=" " ind2="7" tag="650"><subfield code="a">Manuscrits</subfield><subfield code="0">(IDREF)027238512</subfield><subfield code="2">idref</subfield></datafield><datafield ind1=" " ind2="7" tag="650"><subfield code="a">Qumrantexte</subfield><subfield code="v">Verzeichnis</subfield><subfield code="2">idsbb</subfield></datafield><datafield ind1=" " ind2="0" tag="651"><subfield code="a">Judaea, Wilderness of</subfield><subfield code="x">Antiquities</subfield><subfield code="v">Indexes</subfield></datafield><datafield ind1=" " ind2="0" tag="651"><subfield code="a">Judaea, Wilderness of</subfield><subfield code="x">Antiquities</subfield></datafield><datafield ind1=" " ind2="7" tag="651"><subfield code="a">Judée</subfield><subfield code="0">(RERO)A010101792</subfield><subfield code="2">rero</subfield></datafield><datafield ind1=" " ind2="7" tag="655"><subfield code="a">Verzeichnis</subfield><subfield code="2">gnd-content</subfield></datafield><datafield ind1=" " ind2="7" tag="655"><subfield code="a">Verzeichnis</subfield><subfield code="2">idszbz</subfield></datafield><datafield ind1=" " ind2="7" tag="655"><subfield code="a">Répertoires</subfield><subfield code="0">(IDREF)028662180</subfield><subfield code="2">idref</subfield></datafield><datafield ind1="1" ind2=" " tag="700"><subfield code="a">Tov, Emanuel</subfield><subfield code="d">1941-....</subfield><subfield code="0">(IDREF)028446968</subfield><subfield code="4">cre</subfield></datafield><datafield ind1="4" ind2=" " tag="856"><subfield code="3">Titelblatt und Inhaltsverzeichnis</subfield><subfield code="u">https://toc.library.ethz.ch/objects/pdf/z01_978-90-04-17949-3_01.pdf</subfield><subfield code="q">pdf</subfield></datafield><datafield ind1=" " ind2=" " tag="900"><subfield code="a">IDSZ2zbzmon200912f</subfield><subfield code="c">IDSZ2cath</subfield><subfield code="d">IDSZ2zbzswk200912b</subfield><subfield code="e">IDSZ2rose</subfield></datafield><datafield ind1=" " ind2=" " tag="949"><subfield code="a">https://toc.library.ethz.ch/objects/pdf/z01_978-90-04-17949-3_01.pdf</subfield></datafield></record>
</metadata></record>