<record><header><identifier>oai:alma.41SLSP_UGE:991000031299705502</identifier><datestamp>2023-03-01T01:09:05Z</datestamp><setSpec>uge_bcen_RapidILL_BOOK</setSpec><setSpec>uge_aaca_RapidILL_BOOK</setSpec><setSpec>uge_abels_RapidILL_BOOK</setSpec><setSpec>uge_dbu_RapidILL_BOOK</setSpec><setSpec>uge_cmu_RapidILL_BOOK</setSpec><setSpec>uge_mail_RapidILL_BOOK</setSpec><setSpec>UNIGE_ALL</setSpec><setSpec>uge_abbat_RapidILL_BOOK</setSpec><setSpec>uge_aobs_RapidILL_BOOK</setSpec><setSpec>uge_acar_RapidILL_BOOK</setSpec></header><metadata>
<record xmlns="http://www.loc.gov/MARC21/slim" xmlns:xsi="http://www.w3.org/2001/XMLSchema-instance" xsi:schemaLocation="http://www.loc.gov/MARC21/slim http://www.loc.gov/standards/marcxml/schema/MARC21slim.xsd"><leader>01899nam a2200421 c 4500</leader><controlfield tag="001">991000031299705502</controlfield><controlfield tag="005">20210207114034.0</controlfield><controlfield tag="008">201011s2006    xxu||||| |||| 00| ||eng d</controlfield><datafield ind1=" " ind2=" " tag="020"><subfield code="a">082183911X</subfield></datafield><datafield ind1=" " ind2=" " tag="035"><subfield code="a">(swissbib)223662054-41slsp_network</subfield></datafield><datafield ind1=" " ind2=" " tag="035"><subfield code="a">223662054</subfield><subfield code="9">ExL</subfield></datafield><datafield ind1=" " ind2=" " tag="035"><subfield code="a">(RERO)R004180083-41slsp</subfield></datafield><datafield ind1=" " ind2=" " tag="035"><subfield code="a">(NEBIS)005220210EBI01</subfield></datafield><datafield ind1=" " ind2=" " tag="035"><subfield code="a">(EXLNZ-41SLSP_NETWORK)991067768249705501</subfield></datafield><datafield ind1=" " ind2=" " tag="040"><subfield code="a">RERO geussm</subfield><subfield code="d">CH-ZuSLS</subfield></datafield><datafield ind1=" " ind2=" " tag="050"><subfield code="a">QA3</subfield><subfield code="b">.A57 no. 857</subfield><subfield code="a">QA403</subfield></datafield><datafield ind1=" " ind2="7" tag="072"><subfield code="a">ma</subfield><subfield code="2">rero</subfield></datafield><datafield ind1="0" ind2="4" tag="082"><subfield code="a">510 s</subfield><subfield code="a">515/.2433</subfield><subfield code="2">22</subfield></datafield><datafield ind1=" " ind2=" " tag="084"><subfield code="a">42</subfield><subfield code="2">msc</subfield></datafield><datafield ind1=" " ind2=" " tag="084"><subfield code="a">46</subfield><subfield code="2">msc</subfield></datafield><datafield ind1="1" ind2=" " tag="100"><subfield code="a">Danielli, Donatella</subfield><subfield code="d">1966-....</subfield><subfield code="0">(IDREF)108432106</subfield><subfield code="4">cre</subfield></datafield><datafield ind1="1" ind2="0" tag="245"><subfield code="a">Non-doubling Ahlfors measures, perimeter measures, and the characterization of the trace spaces of Sobolev functions in Carnot-Carathéodory spaces</subfield><subfield code="c">Donatella Danielli, Nicola Garofalo, Duy-Minh Nhieu</subfield></datafield><datafield ind1=" " ind2="1" tag="264"><subfield code="a">Providence, R.I.</subfield><subfield code="b">American Mathematical Society</subfield><subfield code="c">2006</subfield></datafield><datafield ind1=" " ind2=" " tag="300"><subfield code="a">119 p.</subfield></datafield><datafield ind1=" " ind2=" " tag="336"><subfield code="b">txt</subfield><subfield code="2">rdacontent</subfield></datafield><datafield ind1=" " ind2=" " tag="337"><subfield code="b">n</subfield><subfield code="2">rdamedia</subfield></datafield><datafield ind1=" " ind2=" " tag="338"><subfield code="b">nc</subfield><subfield code="2">rdacarrier</subfield></datafield><datafield ind1="1" ind2=" " tag="490"><subfield code="a">Memoirs of the American Mathematical Society</subfield><subfield code="v">no. 857</subfield></datafield><datafield ind1=" " ind2=" " tag="500"><subfield code="a">&quot;July 2006, Vol. 182, no. 1 (first of 4 numbers).&quot;</subfield></datafield><datafield ind1=" " ind2="7" tag="650"><subfield code="a">HARMONISCHE ANALYSE VON FUNKTIONEN AUF GRUPPEN UND HOMOGENEN RÄUMEN (FUNKTIONALANALYSIS)</subfield><subfield code="9">ger</subfield><subfield code="0">(ETHUDK)000013484</subfield><subfield code="2">ethudk</subfield></datafield><datafield ind1=" " ind2="7" tag="650"><subfield code="a">MASS UND KAPAZITÄT (ANALYSIS)</subfield><subfield code="9">ger</subfield><subfield code="0">(ETHUDK)000013193</subfield><subfield code="2">ethudk</subfield></datafield><datafield ind1=" " ind2="7" tag="650"><subfield code="a">SOBOLEV-RÄUME (FUNKTIONALANALYSIS)</subfield><subfield code="9">ger</subfield><subfield code="0">(ETHUDK)000013117</subfield><subfield code="2">ethudk</subfield></datafield><datafield ind1=" " ind2=" " tag="690"><subfield code="a">43A85</subfield><subfield code="d">Analysis on homogeneous spaces</subfield><subfield code="2">uzb-UT</subfield></datafield><datafield ind1=" " ind2=" " tag="690"><subfield code="a">46E35</subfield><subfield code="d">Sobolev spaces and other spaces of &quot;smooth&quot; functions, embedding theorems, trace theorems</subfield><subfield code="2">uzb-UT</subfield></datafield><datafield ind1=" " ind2=" " tag="690"><subfield code="a">35H20</subfield><subfield code="d">Subelliptic equations</subfield><subfield code="2">uzb-UT</subfield></datafield><datafield ind1="1" ind2=" " tag="700"><subfield code="a">Garofalo, Nicola</subfield><subfield code="0">(IDREF)108432335</subfield></datafield><datafield ind1="1" ind2=" " tag="700"><subfield code="a">Nhieu, Duy-Minh</subfield><subfield code="d">1966-....</subfield><subfield code="0">(IDREF)108432483</subfield></datafield><datafield ind1=" " ind2="0" tag="830"><subfield code="a">Memoirs of the American Mathematical Society</subfield><subfield code="v">857</subfield><subfield code="w">(NEBIS)000023178EBI01</subfield></datafield><datafield ind1=" " ind2=" " tag="900"><subfield code="a">REROnoselfmerge</subfield></datafield></record>
</metadata></record>