<record><header><identifier>oai:alma.41SLSP_UGE:991000031739705502</identifier><datestamp>2024-10-05T00:06:54Z</datestamp><setSpec>uge_bcen_RapidILL_BOOK</setSpec><setSpec>uge_aaca_RapidILL_BOOK</setSpec><setSpec>uge_abels_RapidILL_BOOK</setSpec><setSpec>uge_dbu_RapidILL_BOOK</setSpec><setSpec>uge_cmu_RapidILL_BOOK</setSpec><setSpec>uge_mail_RapidILL_BOOK</setSpec><setSpec>uge_abbat_RapidILL_BOOK</setSpec><setSpec>UNIGE_ALL</setSpec><setSpec>uge_acar_RapidILL_BOOK</setSpec><setSpec>uge_aobs_RapidILL_BOOK</setSpec></header><metadata>
<record xmlns="http://www.loc.gov/MARC21/slim" xmlns:xsi="http://www.w3.org/2001/XMLSchema-instance" xsi:schemaLocation="http://www.loc.gov/MARC21/slim http://www.loc.gov/standards/marcxml/schema/MARC21slim.xsd"><leader>01919nam a2200409 c 4500</leader><controlfield tag="001">991000031739705502</controlfield><controlfield tag="005">20241004194412.0</controlfield><controlfield tag="008">201012s1980    it ||||| |||| 00| ||ita d</controlfield><datafield ind1=" " ind2=" " tag="035"><subfield code="a">(swissbib)239228235-41slsp_network</subfield></datafield><datafield ind1=" " ind2=" " tag="035"><subfield code="a">239228235</subfield><subfield code="9">ExL</subfield></datafield><datafield ind1=" " ind2=" " tag="035"><subfield code="a">(RERO)0467067-41slsp</subfield></datafield><datafield ind1=" " ind2=" " tag="035"><subfield code="a">(IDSBB)000156917DSV01</subfield></datafield><datafield ind1=" " ind2=" " tag="035"><subfield code="a">(SBT)000724228SBT01</subfield></datafield><datafield ind1=" " ind2=" " tag="035"><subfield code="a">(NEBIS)009355167EBI01</subfield></datafield><datafield ind1=" " ind2=" " tag="035"><subfield code="a">(EXLNZ-41SLSP_NETWORK)991042611239705501</subfield></datafield><datafield ind1=" " ind2=" " tag="040"><subfield code="a">RERO</subfield><subfield code="d">CH-ZuSLS</subfield></datafield><datafield ind1=" " ind2="7" tag="072"><subfield code="a">rs</subfield><subfield code="2">SzZuIDS BS/BE</subfield></datafield><datafield ind1=" " ind2="7" tag="072"><subfield code="a">it</subfield><subfield code="2">rero</subfield></datafield><datafield ind1="1" ind2=" " tag="100"><subfield code="a">Vergerio, Pietro Paolo</subfield><subfield code="d">1498-1565</subfield><subfield code="0">(RERO)A012343820</subfield><subfield code="4">cre</subfield><subfield code="6">880-01</subfield></datafield><datafield ind1="1" ind2=" " tag="880"><subfield code="a">Vergerio, Pietro Paolo</subfield><subfield code="d">1497-1564</subfield><subfield code="0">(DE-588)118768077</subfield><subfield code="6">100-01</subfield></datafield><datafield ind1="1" ind2="0" tag="245"><subfield code="a">Comedia Vergeria</subfield><subfield code="c">Pier Paolo Vergerio Jr. ; frammento inedito a cura di Paola Vecchi Galli</subfield></datafield><datafield ind1=" " ind2="1" tag="264"><subfield code="a">Bologna</subfield><subfield code="b">Commissione per i testi di lingua</subfield><subfield code="c">1980</subfield></datafield><datafield ind1=" " ind2=" " tag="300"><subfield code="a">LXIII, 68 p.</subfield><subfield code="c">18 cm</subfield></datafield><datafield ind1=" " ind2=" " tag="336"><subfield code="b">txt</subfield><subfield code="2">rdacontent</subfield></datafield><datafield ind1=" " ind2=" " tag="337"><subfield code="b">n</subfield><subfield code="2">rdamedia</subfield></datafield><datafield ind1=" " ind2=" " tag="338"><subfield code="b">nc</subfield><subfield code="2">rdacarrier</subfield></datafield><datafield ind1="1" ind2=" " tag="490"><subfield code="a">Collezione di opere inedite o rare. Scelta di curiosità letterarie inedite o rare dal secolo XIII al XIX</subfield><subfield code="v">dispensa 272</subfield></datafield><datafield ind1=" " ind2=" " tag="500"><subfield code="a">Cod. '5.3.25' della Biblioteca capitular y colombina di Siviglia</subfield></datafield><datafield ind1=" " ind2=" " tag="691"><subfield code="e">852.3</subfield><subfield code="a">Letteratura drammatica italiana, 1492-1542</subfield><subfield code="2">usi-TE</subfield></datafield><datafield ind1="1" ind2=" " tag="700"><subfield code="a">Vergerio, Pier Paolo</subfield></datafield><datafield ind1="1" ind2=" " tag="700"><subfield code="a">Vergerius, Petrus Paulus</subfield><subfield code="d">1497-1565</subfield></datafield><datafield ind1="1" ind2=" " tag="700"><subfield code="a">Vecchi Galli, Paola</subfield><subfield code="0">(DE-588)13626218X</subfield><subfield code="6">880-02</subfield></datafield><datafield ind1="1" ind2=" " tag="880"><subfield code="6">700-02</subfield><subfield code="a">Vecchi Galli, Paola</subfield><subfield code="d">19..-....</subfield><subfield code="0">(IDREF)056947917</subfield></datafield><datafield ind1=" " ind2=" " tag="830"><subfield code="a">Scelta di curiosità letterarie inedite o rare dal secolo XIII al XIX</subfield><subfield code="v">272</subfield><subfield code="w">(IDSBB)000028503DSV01</subfield></datafield><datafield ind1=" " ind2=" " tag="830"><subfield code="a">Collezione di Opere Inedite o Rare</subfield><subfield code="p">Scelta di curiosità letterarie inedite o rare dal secolo XIII al XIX</subfield><subfield code="v">272</subfield><subfield code="w">(RERO)0467057-41slsp</subfield></datafield><datafield ind1=" " ind2=" " tag="830"><subfield code="a">Collezione di opere inedite o rare</subfield><subfield code="v">272</subfield><subfield code="w">(SBT)000060149SBT01</subfield></datafield><datafield ind1=" " ind2=" " tag="830"><subfield code="a">Scelta di curiosità letterarie inedite o rare dal secolo XIII al XIX</subfield><subfield code="v">272</subfield><subfield code="w">(NEBIS)009192273EBI01</subfield></datafield><datafield ind1=" " ind2=" " tag="900"><subfield code="a">REROnoselfmerge</subfield></datafield><datafield ind1=" " ind2=" " tag="993"><subfield code="a">BFLA 138808/272</subfield><subfield code="x">ge/ulit/a/01/19</subfield><subfield code="9">LOCAL</subfield></datafield></record>
</metadata></record>