<record><header><identifier>oai:alma.41SLSP_UGE:991000030899705502</identifier><datestamp>2024-03-09T01:36:51Z</datestamp><setSpec>uge_bcen_RapidILL_BOOK</setSpec><setSpec>uge_aaca_RapidILL_BOOK</setSpec><setSpec>uge_abels_RapidILL_BOOK</setSpec><setSpec>uge_dbu_RapidILL_BOOK</setSpec><setSpec>uge_cmu_RapidILL_BOOK</setSpec><setSpec>uge_mail_RapidILL_BOOK</setSpec><setSpec>uge_abbat_RapidILL_BOOK</setSpec><setSpec>UNIGE_ALL</setSpec><setSpec>uge_acar_RapidILL_BOOK</setSpec><setSpec>uge_aobs_RapidILL_BOOK</setSpec></header><metadata>
<record xmlns="http://www.loc.gov/MARC21/slim" xmlns:xsi="http://www.w3.org/2001/XMLSchema-instance" xsi:schemaLocation="http://www.loc.gov/MARC21/slim http://www.loc.gov/standards/marcxml/schema/MARC21slim.xsd"><leader>02943nam a2200673 c 4500</leader><controlfield tag="001">991000030899705502</controlfield><controlfield tag="005">20240308233550.0</controlfield><controlfield tag="008">201012t19851985sz ||||| |||| 00| ||fre d</controlfield><datafield ind1=" " ind2=" " tag="020"><subfield code="a">3858051314</subfield></datafield><datafield ind1=" " ind2=" " tag="035"><subfield code="a">(swissbib)242361757-41slsp_network</subfield></datafield><datafield ind1=" " ind2=" " tag="035"><subfield code="a">242361757</subfield><subfield code="9">ExL</subfield></datafield><datafield ind1=" " ind2=" " tag="035"><subfield code="a">(RERO)0729219-41slsp</subfield></datafield><datafield ind1=" " ind2=" " tag="035"><subfield code="a">(NEBIS)003034277EBI01</subfield></datafield><datafield ind1=" " ind2=" " tag="035"><subfield code="a">(IDSLU)000002372ILU01</subfield></datafield><datafield ind1=" " ind2=" " tag="035"><subfield code="a">(IDSBB)000223557DSV01</subfield></datafield><datafield ind1=" " ind2=" " tag="035"><subfield code="a">(ABN)000023364ABN01</subfield></datafield><datafield ind1=" " ind2=" " tag="035"><subfield code="a">(EXLNZ-41SLSP_NETWORK)991030860609705501</subfield></datafield><datafield ind1=" " ind2=" " tag="040"><subfield code="a">RERO gevbpu</subfield><subfield code="d">CH-ZuSLS</subfield></datafield><datafield ind1=" " ind2="7" tag="072"><subfield code="a">th</subfield><subfield code="2">rero</subfield></datafield><datafield ind1=" " ind2="7" tag="072"><subfield code="a">780</subfield><subfield code="2">IDS LU</subfield></datafield><datafield ind1=" " ind2="7" tag="072"><subfield code="a">th</subfield><subfield code="2">SzZuIDS BS/BE</subfield></datafield><datafield ind1="0" ind2="4" tag="082"><subfield code="a">949.4</subfield><subfield code="b">M946Zj</subfield></datafield><datafield ind1=" " ind2=" " tag="084"><subfield code="a">NB 6229</subfield><subfield code="2">rvk</subfield></datafield><datafield ind1=" " ind2=" " tag="084"><subfield code="a">NB 6230</subfield><subfield code="2">rvk</subfield></datafield><datafield ind1="1" ind2=" " tag="100"><subfield code="a">Douady, Paul-André</subfield><subfield code="0">(RERO)A003188531</subfield><subfield code="4">cre</subfield></datafield><datafield ind1="1" ind2="0" tag="245"><subfield code="a">&lt;&lt;L'&gt;&gt;Eglise réformée française de Schaffhouse</subfield><subfield code="b">300 ans (1685-1985) : un aspect de l'histoire schaffhousoise</subfield><subfield code="c">Paul-André Douady ; avec la collab. du pasteur Pierre-David Nicole... [et al.]</subfield></datafield><datafield ind1=" " ind2="1" tag="264"><subfield code="a">Schaffhouse</subfield><subfield code="b">Editions Peter Meili</subfield><subfield code="b">Eglise réformée française</subfield><subfield code="c">1985</subfield></datafield><datafield ind1=" " ind2="4" tag="264"><subfield code="c">© 1985</subfield></datafield><datafield ind1=" " ind2=" " tag="300"><subfield code="a">109 p.</subfield><subfield code="b">ill.</subfield><subfield code="c">22 cm</subfield></datafield><datafield ind1=" " ind2=" " tag="336"><subfield code="b">txt</subfield><subfield code="2">rdacontent</subfield></datafield><datafield ind1=" " ind2=" " tag="337"><subfield code="b">n</subfield><subfield code="2">rdamedia</subfield></datafield><datafield ind1=" " ind2=" " tag="338"><subfield code="b">nc</subfield><subfield code="2">rdacarrier</subfield></datafield><datafield ind1=" " ind2=" " tag="500"><subfield code="a">Zur Dreihunderjahrfeier der Eglise reformée française de Schaffhouse</subfield></datafield><datafield ind1=" " ind2=" " tag="504"><subfield code="a">Bibliogr.: p. 108-109</subfield></datafield><datafield ind1="1" ind2="7" tag="600"><subfield code="a">Müller, Johannes &lt;&lt;von&gt;&gt;</subfield><subfield code="d">1752-1809</subfield><subfield code="0">(DE-588)118585045</subfield><subfield code="2">gnd</subfield></datafield><datafield ind1="1" ind2="0" tag="600"><subfield code="a">Müller, Johannes von</subfield><subfield code="d">1752-1809</subfield><subfield code="v">Congresses</subfield></datafield><datafield ind1="1" ind2="0" tag="600"><subfield code="a">Müller, Johannes von</subfield><subfield code="d">1752-1809</subfield><subfield code="x">Congresses</subfield></datafield><datafield ind1="2" ind2="7" tag="610"><subfield code="a">Eglise réformée française de Schaffhouse</subfield><subfield code="0">(RERO)A010077956</subfield><subfield code="2">rero</subfield></datafield><datafield ind1="2" ind2="0" tag="610"><subfield code="a">Eglise réformée française de Schaffhouse</subfield></datafield><datafield ind1=" " ind2="7" tag="650"><subfield code="a">1685-1985</subfield><subfield code="2">rero</subfield></datafield><datafield ind1=" " ind2="7" tag="650"><subfield code="a">Protestants français</subfield><subfield code="0">(IDREF)136992439</subfield><subfield code="2">idref</subfield></datafield><datafield ind1=" " ind2="7" tag="650"><subfield code="a">Geschichte</subfield><subfield code="0">(DE-588)4020517-4</subfield><subfield code="2">gnd</subfield></datafield><datafield ind1=" " ind2="0" tag="650"><subfield code="a">Historians</subfield><subfield code="z">Switzerland</subfield><subfield code="v">Congresses</subfield></datafield><datafield ind1=" " ind2="0" tag="650"><subfield code="a">Historians</subfield><subfield code="z">Switzerland</subfield><subfield code="x">Congresses</subfield></datafield><datafield ind1=" " ind2="0" tag="650"><subfield code="a">Huguenots</subfield><subfield code="z">Switzerland</subfield><subfield code="z">Schaffhausen</subfield></datafield><datafield ind1=" " ind2="7" tag="650"><subfield code="a">Evangelische Kirche</subfield><subfield code="z">Schaffhausen (Stadt)</subfield><subfield code="2">idsbb</subfield></datafield><datafield ind1=" " ind2="7" tag="651"><subfield code="a">Schaffhouse (Suisse ; canton)</subfield><subfield code="0">(IDREF)02899275X</subfield><subfield code="2">idref</subfield></datafield><datafield ind1=" " ind2="7" tag="651"><subfield code="a">Bad Homburg v.d. Höhe</subfield><subfield code="0">(DE-588)4025770-8</subfield><subfield code="2">gnd</subfield></datafield><datafield ind1=" " ind2="0" tag="651"><subfield code="a">Schaffhausen (Switzerland : Canton)</subfield><subfield code="x">Church history</subfield></datafield><datafield ind1=" " ind2="7" tag="655"><subfield code="a">Festschrift</subfield><subfield code="2">gnd-content</subfield></datafield><datafield ind1=" " ind2=" " tag="690"><subfield code="a">Protestantische Kirche / Einzelne Gebiete und Orte / Europa / Schweiz:Einz. Geb. u. Orte / Schaffhausen</subfield><subfield code="2">uzb-Z9</subfield></datafield><datafield ind1=" " ind2=" " tag="690"><subfield code="a">Schaffhausen (Kanton) / Religion, Kirche / Protestantische Kirche</subfield><subfield code="2">uzb-Z9</subfield></datafield><datafield ind1=" " ind2=" " tag="690"><subfield code="a">Schaffhausen (Kanton)</subfield><subfield code="2">rzh-UA</subfield></datafield><datafield ind1=" " ind2=" " tag="690"><subfield code="a">Kirche, evangelische. Schweiz: Schaffhausen-Kt. Geschichte. 17/20. Jh.</subfield><subfield code="2">rzs-L1</subfield></datafield><datafield ind1="1" ind2=" " tag="700"><subfield code="a">Nicole, Pierre-David</subfield><subfield code="0">(RERO)A003639752</subfield></datafield><datafield ind1="2" ind2=" " tag="710"><subfield code="a">Eglise réformée française</subfield><subfield code="g">Schaffhausen</subfield><subfield code="0">(DE-588)1086895398</subfield></datafield><datafield ind1="2" ind2=" " tag="710"><subfield code="a">Eglise réformée française de Schaffhouse</subfield><subfield code="0">(RERO)A003210591</subfield></datafield><datafield ind1=" " ind2=" " tag="900"><subfield code="a">REROnoselfmerge</subfield></datafield><datafield ind1=" " ind2=" " tag="900"><subfield code="a">IDSZRMedeaZBZ</subfield><subfield code="c">IDSZRhilb</subfield></datafield><datafield ind1=" " ind2=" " tag="900"><subfield code="f">IDSU2medea</subfield></datafield></record>
</metadata></record>