<record><header><identifier>oai:alma.41SLSP_UGE:991000030999705502</identifier><datestamp>2023-03-01T01:09:05Z</datestamp><setSpec>UNIGE_ALL</setSpec></header><metadata>
<record xmlns="http://www.loc.gov/MARC21/slim" xmlns:xsi="http://www.w3.org/2001/XMLSchema-instance" xsi:schemaLocation="http://www.loc.gov/MARC21/slim http://www.loc.gov/standards/marcxml/schema/MARC21slim.xsd"><leader>03252njm a2200673 c 4500</leader><controlfield tag="001">991000030999705502</controlfield><controlfield tag="005">20201230230232.0</controlfield><controlfield tag="007">sd z||g|||||||</controlfield><controlfield tag="008">201011t19941994fr ||n              fre  </controlfield><datafield ind1="0" ind2="2" tag="028"><subfield code="a">A 21</subfield><subfield code="b">Arcana</subfield></datafield><datafield ind1="0" ind2="2" tag="028"><subfield code="a">Arcana A 21</subfield></datafield><datafield ind1=" " ind2=" " tag="035"><subfield code="a">(swissbib)226059529-41slsp_network</subfield></datafield><datafield ind1=" " ind2=" " tag="035"><subfield code="a">226059529</subfield><subfield code="9">ExL</subfield></datafield><datafield ind1=" " ind2=" " tag="035"><subfield code="a">(IDSBB)002173749DSV01</subfield></datafield><datafield ind1=" " ind2=" " tag="035"><subfield code="a">(NEBIS)009681663EBI01</subfield></datafield><datafield ind1=" " ind2=" " tag="035"><subfield code="a">(RERO)2017115-41slsp</subfield></datafield><datafield ind1=" " ind2=" " tag="035"><subfield code="a">(OCoLC)31090208</subfield></datafield><datafield ind1=" " ind2=" " tag="035"><subfield code="a">(EXLNZ-41SLSP_NETWORK)991107715279705501</subfield></datafield><datafield ind1=" " ind2=" " tag="040"><subfield code="a">SzZuIDS BS/BE A332</subfield><subfield code="b">ger</subfield><subfield code="e">kids</subfield><subfield code="d">CH-ZuSLS</subfield></datafield><datafield ind1=" " ind2="7" tag="072"><subfield code="a">mu</subfield><subfield code="2">rero</subfield></datafield><datafield ind1="0" ind2="4" tag="082"><subfield code="a">784</subfield></datafield><datafield ind1="0" ind2="0" tag="245"><subfield code="a">Ars subtilis ytalica</subfield><subfield code="b">polyphonie pseudo française en Italie, 1380-1410</subfield></datafield><datafield ind1=" " ind2="1" tag="264"><subfield code="a">[France]</subfield><subfield code="b">Arcana</subfield><subfield code="c">[1994]</subfield></datafield><datafield ind1=" " ind2="4" tag="264"><subfield code="c">℗1994</subfield></datafield><datafield ind1=" " ind2=" " tag="300"><subfield code="a">1 disque compact</subfield><subfield code="b">stéréo (DDD)</subfield><subfield code="c">12 cm</subfield></datafield><datafield ind1=" " ind2=" " tag="336"><subfield code="b">prm</subfield><subfield code="2">rdacontent</subfield></datafield><datafield ind1=" " ind2=" " tag="337"><subfield code="b">s</subfield><subfield code="2">rdamedia</subfield></datafield><datafield ind1=" " ind2=" " tag="338"><subfield code="b">sd</subfield><subfield code="2">rdacarrier</subfield></datafield><datafield ind1="0" ind2=" " tag="490"><subfield code="a">Musica nell'autunno del medioevo</subfield></datafield><datafield ind1=" " ind2=" " tag="500"><subfield code="a">Aufnahme: Bologna 1993</subfield></datafield><datafield ind1=" " ind2=" " tag="500"><subfield code="a">Polyphonic chansons from Biblioteca Estense (Modena, Italy). Manuscript. [alpha] M. 5.24; sung in Latin (1st, 7th works) and Middle French (3rd-4th, 6th works)</subfield></datafield><datafield ind1=" " ind2=" " tag="500"><subfield code="a">Recorded at Ronzano Convent, Bologna, June 16-20, 1993</subfield></datafield><datafield ind1=" " ind2=" " tag="500"><subfield code="a">Contient</subfield></datafield><datafield ind1=" " ind2=" " tag="500"><subfield code="a">Que pena major / Bartolomeus de Bononia</subfield></datafield><datafield ind1=" " ind2=" " tag="500"><subfield code="a">Dame d'onour ; Amour m'a le cuer mis ; Beauté parfaite ; Dame zentil / Anthonello de Caserta</subfield></datafield><datafield ind1=" " ind2=" " tag="500"><subfield code="a">Le greygnour bien / Matteo de Perusio</subfield></datafield><datafield ind1=" " ind2=" " tag="500"><subfield code="a">Sumite karissimi / Magister Zacharias</subfield></datafield><datafield ind1="0" ind2="0" tag="505"><subfield code="t">Que pena major</subfield><subfield code="r">Bartolomeo da Bologna</subfield><subfield code="t">Dame d'onour</subfield><subfield code="r">Anthonello de Caserta</subfield><subfield code="t">Amour m'a le cuer mis</subfield><subfield code="r">Anthonello de Caserta</subfield><subfield code="t">Beauté parfaite</subfield><subfield code="r">Anthonello de Caserta</subfield><subfield code="t">Dame zentil</subfield><subfield code="r">Anthonello de Caserta</subfield><subfield code="t">&lt;&lt;Le&gt;&gt; greygnour bien</subfield><subfield code="r">Matteo da Perugia</subfield><subfield code="t">Sumite karissimi</subfield><subfield code="r">Nicola Zacharias</subfield></datafield><datafield ind1="0" ind2="0" tag="505"><subfield code="t">Que pena major : virelai / Bartolomaus de Bononia (9:16) -- Dame d'onour : ballade (13:34) ; Amour m'a le cuer mis (7:20) / Anthonello de Caserta -- Le greygnour bien : ballade / Matteo de Perusio (6:02) -- Beauté parfaite : ballade (11:36) ; Dame zentil : rondeau (7:06) / Anthonello de Caserta -- Sumite karissimi : ballade / Magister Zacharias (7:58)</subfield></datafield><datafield ind1="0" ind2=" " tag="511"><subfield code="a">Interpr.: Mala punica (ens. vocal et instr.)</subfield></datafield><datafield ind1=" " ind2="0" tag="650"><subfield code="a">Polyphonic chansons</subfield></datafield><datafield ind1=" " ind2="0" tag="650"><subfield code="a">Part songs, Latin</subfield></datafield><datafield ind1=" " ind2="0" tag="650"><subfield code="a">Part songs, French</subfield></datafield><datafield ind1=" " ind2="7" tag="655"><subfield code="a">CD</subfield><subfield code="2">gnd-carrier</subfield></datafield><datafield ind1="0" ind2=" " tag="700"><subfield code="a">Bartholomaeus</subfield><subfield code="c">de Bononia</subfield><subfield code="0">(DE-588)135892686</subfield></datafield><datafield ind1="1" ind2=" " tag="700"><subfield code="a">Zacharie, Nicola</subfield></datafield><datafield ind1="0" ind2="2" tag="700"><subfield code="a">Bartholomaeus</subfield><subfield code="c">de Bononia</subfield><subfield code="t">Que pena maior</subfield></datafield><datafield ind1="0" ind2="2" tag="700"><subfield code="a">Matteo</subfield><subfield code="c">da Perugia</subfield><subfield code="d">?-ca. 1418</subfield><subfield code="t">&lt;&lt;Le&gt;&gt; greygnour bien</subfield></datafield><datafield ind1="0" ind2="2" tag="700"><subfield code="a">Anthonello</subfield><subfield code="c">de Caserta</subfield><subfield code="t">Ballades.</subfield><subfield code="k">Extraits</subfield></datafield><datafield ind1="0" ind2="2" tag="700"><subfield code="a">Anthonello</subfield><subfield code="c">de Caserta</subfield><subfield code="t">Dame zentil en qui est ma sperance</subfield></datafield><datafield ind1="0" ind2="2" tag="700"><subfield code="a">Bartolomeo</subfield><subfield code="c">da Bologna</subfield><subfield code="t">Que pena maior</subfield></datafield><datafield ind1="1" ind2="2" tag="700"><subfield code="a">Zacharie, Nicola</subfield><subfield code="t">Sumite, karissimi</subfield></datafield><datafield ind1="1" ind2=" " tag="700"><subfield code="a">Zacharias, Nicola</subfield></datafield><datafield ind1="0" ind2=" " tag="700"><subfield code="a">Anthonello</subfield><subfield code="c">de Caserta</subfield><subfield code="d">ca. Ende 14. Jh./Anfang 15. Jh.</subfield><subfield code="0">(DE-588)130680184</subfield></datafield><datafield ind1="0" ind2=" " tag="700"><subfield code="a">Bartolomeo</subfield><subfield code="c">da Bologna</subfield></datafield><datafield ind1="0" ind2=" " tag="700"><subfield code="a">Matteo</subfield><subfield code="c">da Perugia</subfield><subfield code="d">XXXX-1418</subfield><subfield code="0">(DE-588)121717046</subfield></datafield><datafield ind1="2" ind2=" " tag="710"><subfield code="a">Mala Punica</subfield><subfield code="g">Musikgruppe</subfield><subfield code="0">(DE-588)1087199743</subfield><subfield code="6">880-06</subfield></datafield><datafield ind1="2" ind2=" " tag="880"><subfield code="a">Mala Punica</subfield><subfield code="g">Musikgruppe</subfield><subfield code="0">(DE-588)5169712-9</subfield><subfield code="6">710-06</subfield></datafield><datafield ind1="2" ind2=" " tag="880"><subfield code="6">710-06</subfield><subfield code="a">Mala Punica</subfield><subfield code="0">(IDREF)244884544</subfield></datafield><datafield ind1=" " ind2=" " tag="900"><subfield code="a">REROnoselfmerge</subfield></datafield></record>
</metadata></record>