<record><header><identifier>oai:alma.41SLSP_UGE:991000031519705502</identifier><datestamp>2023-04-10T00:46:14Z</datestamp><setSpec>uge_bcen_RapidILL_BOOK</setSpec><setSpec>uge_aaca_RapidILL_BOOK</setSpec><setSpec>uge_abels_RapidILL_BOOK</setSpec><setSpec>uge_dbu_RapidILL_BOOK</setSpec><setSpec>uge_cmu_RapidILL_BOOK</setSpec><setSpec>uge_mail_RapidILL_BOOK</setSpec><setSpec>uge_abbat_RapidILL_BOOK</setSpec><setSpec>UNIGE_ALL</setSpec><setSpec>uge_acar_RapidILL_BOOK</setSpec><setSpec>uge_aobs_RapidILL_BOOK</setSpec></header><metadata>
<record xmlns="http://www.loc.gov/MARC21/slim" xmlns:xsi="http://www.w3.org/2001/XMLSchema-instance" xsi:schemaLocation="http://www.loc.gov/MARC21/slim http://www.loc.gov/standards/marcxml/schema/MARC21slim.xsd"><leader>03520nam a2200793 c 4500</leader><controlfield tag="001">991000031519705502</controlfield><controlfield tag="005">20230409212603.0</controlfield><controlfield tag="008">201011s2001    ne            00| | eng  </controlfield><datafield ind1=" " ind2=" " tag="015"><subfield code="a">GFR-DNB-02,A04,0278</subfield></datafield><datafield ind1=" " ind2=" " tag="020"><subfield code="a">9004121692</subfield><subfield code="q">Gewebe</subfield><subfield code="c">EUR 103.00</subfield></datafield><datafield ind1=" " ind2=" " tag="035"><subfield code="a">(swissbib)224180967-41slsp_network</subfield></datafield><datafield ind1=" " ind2=" " tag="035"><subfield code="a">224180967</subfield><subfield code="9">ExL</subfield></datafield><datafield ind1=" " ind2=" " tag="035"><subfield code="a">(IDSBB)002615332DSV01</subfield></datafield><datafield ind1=" " ind2=" " tag="035"><subfield code="a">(NEBIS)004306331EBI01</subfield></datafield><datafield ind1=" " ind2=" " tag="035"><subfield code="a">(RERO)R003172081-41slsp</subfield></datafield><datafield ind1=" " ind2=" " tag="035"><subfield code="a">(IDSLU)000431740ILU01</subfield></datafield><datafield ind1=" " ind2=" " tag="035"><subfield code="a">(EXLNZ-41SLSP_NETWORK)991038671319705501</subfield></datafield><datafield ind1=" " ind2=" " tag="040"><subfield code="a">DDB</subfield><subfield code="b">ger</subfield><subfield code="e">rda</subfield><subfield code="d">CH-ZuSLS</subfield></datafield><datafield ind1="1" ind2=" " tag="041"><subfield code="a">eng</subfield><subfield code="h">grc</subfield></datafield><datafield ind1=" " ind2="7" tag="072"><subfield code="a">ph</subfield><subfield code="2">SzZuIDS BS/BE</subfield></datafield><datafield ind1=" " ind2="7" tag="072"><subfield code="a">ph</subfield><subfield code="2">rero</subfield></datafield><datafield ind1=" " ind2="7" tag="072"><subfield code="a">720</subfield><subfield code="2">IDS LU</subfield></datafield><datafield ind1="1" ind2=" " tag="080"><subfield code="a">1&quot;0010&quot;Phi7Opi</subfield></datafield><datafield ind1="0" ind2="0" tag="082"><subfield code="a">222/.1106</subfield><subfield code="2">21</subfield></datafield><datafield ind1="0" ind2="4" tag="082"><subfield code="a">222 .1106</subfield><subfield code="2">21</subfield></datafield><datafield ind1="0" ind2="4" tag="082"><subfield code="a">270.009 2</subfield><subfield code="2">21</subfield></datafield><datafield ind1="0" ind2="4" tag="082"><subfield code="a">181.06</subfield><subfield code="b">P565xru</subfield></datafield><datafield ind1=" " ind2=" " tag="084"><subfield code="a">CD 6315</subfield><subfield code="2">rvk</subfield></datafield><datafield ind1=" " ind2=" " tag="084"><subfield code="a">FH 57353</subfield><subfield code="2">rvk</subfield></datafield><datafield ind1="0" ind2=" " tag="100"><subfield code="a">Philo</subfield><subfield code="c">Alexandrinus</subfield><subfield code="d">v25-40</subfield><subfield code="0">(DE-588)118594001</subfield><subfield code="4">aut</subfield><subfield code="6">880-01</subfield></datafield><datafield ind1="0" ind2=" " tag="880"><subfield code="6">100-01</subfield><subfield code="a">Philon d'Alexandrie</subfield><subfield code="d">0030? av. J.-C.-0040?</subfield><subfield code="0">(IDREF)027070980</subfield><subfield code="4">cre</subfield></datafield><datafield ind1="1" ind2="0" tag="240"><subfield code="a">De opificio mundi</subfield></datafield><datafield ind1="1" ind2="0" tag="245"><subfield code="a">On the creation of the cosmos according to Moses</subfield><subfield code="c">Philo of Alexandria ; introduction, translation and commentary by David T. Runia</subfield></datafield><datafield ind1=" " ind2="1" tag="264"><subfield code="a">Leiden</subfield><subfield code="b">Brill</subfield><subfield code="c">2001</subfield></datafield><datafield ind1=" " ind2=" " tag="300"><subfield code="a">XVIII, 443 p.</subfield><subfield code="c">25 cm</subfield></datafield><datafield ind1=" " ind2=" " tag="336"><subfield code="b">txt</subfield><subfield code="2">rdacontent</subfield></datafield><datafield ind1=" " ind2=" " tag="337"><subfield code="b">n</subfield><subfield code="2">rdamedia</subfield></datafield><datafield ind1=" " ind2=" " tag="338"><subfield code="b">nc</subfield><subfield code="2">rdacarrier</subfield></datafield><datafield ind1="1" ind2=" " tag="490"><subfield code="a">Philo of Alexandria commentary series</subfield><subfield code="v">volume 1</subfield></datafield><datafield ind1=" " ind2=" " tag="500"><subfield code="a">Titre conventionnel: De opificio mundi</subfield></datafield><datafield ind1=" " ind2=" " tag="500"><subfield code="a">Übers. aus dem Griechischen</subfield></datafield><datafield ind1=" " ind2=" " tag="500"><subfield code="a">Originaltitel: Peri tēs kata Mōysea kosmopoiias</subfield></datafield><datafield ind1=" " ind2=" " tag="500"><subfield code="a">Originaltitel: De opificio mundi (latein. Zitiertitel)</subfield></datafield><datafield ind1=" " ind2=" " tag="504"><subfield code="a">Bibliogr.: p. [404]-423</subfield></datafield><datafield ind1="0" ind2="7" tag="600"><subfield code="a">Philo (Alexandrinus); Peri tēs kata Mōysea kosmopoiias</subfield><subfield code="v">Kommentar</subfield><subfield code="2">idszbz</subfield></datafield><datafield ind1="0" ind2="7" tag="600"><subfield code="a">Philo (Alexandrinus); Peri tēs kata Mōysea kosmopoiias</subfield><subfield code="2">idszbz</subfield></datafield><datafield ind1="0" ind2="7" tag="600"><subfield code="a">Philo</subfield><subfield code="c">Alexandrinus</subfield><subfield code="d">v25-40</subfield><subfield code="0">(DE-588)118594001</subfield><subfield code="2">gnd</subfield></datafield><datafield ind1="0" ind2="0" tag="600"><subfield code="a">Philo</subfield><subfield code="c">of Alexandria</subfield><subfield code="t">De opificio mundi</subfield></datafield><datafield ind1="0" ind2="7" tag="600"><subfield code="a">Philo</subfield><subfield code="c">Alexandrinus</subfield><subfield code="d">v25-40</subfield><subfield code="t">De opificio mundi</subfield><subfield code="0">(DE-588)4413150-1</subfield><subfield code="2">gnd</subfield></datafield><datafield ind1="0" ind2="7" tag="630"><subfield code="a">Genesis; Schöpfungsbericht</subfield><subfield code="v">Kommentar</subfield><subfield code="v">Alter Text</subfield><subfield code="2">idszbz</subfield></datafield><datafield ind1="0" ind2="7" tag="630"><subfield code="a">Genesis; Schöpfungsbericht</subfield><subfield code="2">idszbz</subfield></datafield><datafield ind1="0" ind2="0" tag="630"><subfield code="a">Bible</subfield><subfield code="p">Genesis I-III</subfield><subfield code="x">Criticism, interpretation, etc</subfield><subfield code="v">Early works to 1800</subfield></datafield><datafield ind1="0" ind2="0" tag="630"><subfield code="a">Bible</subfield><subfield code="p">Genesis</subfield><subfield code="x">Criticism, interpretation, etc., Jewish</subfield></datafield><datafield ind1=" " ind2="0" tag="650"><subfield code="a">Biblical cosmology</subfield><subfield code="x">Early works to 1800</subfield></datafield><datafield ind1=" " ind2="0" tag="650"><subfield code="a">Cosmology</subfield><subfield code="x">Early works to 1800</subfield></datafield><datafield ind1=" " ind2="0" tag="650"><subfield code="a">Creation</subfield><subfield code="v">Early works to 1800</subfield></datafield><datafield ind1=" " ind2="0" tag="650"><subfield code="a">Creation</subfield><subfield code="x">Early works to 1800</subfield></datafield><datafield ind1=" " ind2="0" tag="650"><subfield code="a">Philosophy of nature</subfield><subfield code="x">Early works to 1800</subfield></datafield><datafield ind1=" " ind2="7" tag="655"><subfield code="a">Kommentar</subfield><subfield code="2">idszbz</subfield></datafield><datafield ind1=" " ind2="7" tag="655"><subfield code="a">Kommentar</subfield><subfield code="2">gnd-content</subfield></datafield><datafield ind1="0" ind2="2" tag="700"><subfield code="a">Philo</subfield><subfield code="d">v25-40</subfield><subfield code="c">Alexandrinus</subfield><subfield code="t">De opificio mundi</subfield></datafield><datafield ind1="1" ind2=" " tag="700"><subfield code="a">Runia, David T.</subfield><subfield code="d">1951-</subfield><subfield code="0">(DE-588)113181515</subfield><subfield code="4">trl</subfield><subfield code="4">wac</subfield><subfield code="6">880-03</subfield></datafield><datafield ind1="1" ind2=" " tag="880"><subfield code="6">700-03</subfield><subfield code="a">Runia, David T.</subfield><subfield code="d">1951-....</subfield><subfield code="0">(IDREF)028775228</subfield></datafield><datafield ind1="4" ind2=" " tag="856"><subfield code="3">Inhaltsverzeichnis</subfield><subfield code="u">http://www.ub.unibas.ch/tox/HBZ/HT013466743/PDF</subfield><subfield code="q">pdf</subfield></datafield><datafield ind1="0" ind2=" " tag="800"><subfield code="a">Philo</subfield><subfield code="c">Judaeus</subfield><subfield code="t">Philo of Alexandria commentary series</subfield><subfield code="v">1</subfield><subfield code="w">(RERO)R003172079-41slsp</subfield></datafield><datafield ind1=" " ind2="0" tag="830"><subfield code="a">Philo of Alexandria commentary series</subfield><subfield code="v">1</subfield><subfield code="w">(NEBIS)004278671EBI01</subfield></datafield><datafield ind1=" " ind2="0" tag="830"><subfield code="a">Philo of Alexandria commentary series</subfield><subfield code="v">1</subfield><subfield code="w">(IDSLU)000414403ILU01</subfield></datafield><datafield ind1=" " ind2=" " tag="900"><subfield code="a">IDSZ2zbzmon200204f</subfield><subfield code="c">IDSZ2haab</subfield><subfield code="d">IDSZ2zbzswk200205b</subfield><subfield code="e">IDSZ2haag</subfield></datafield><datafield ind1=" " ind2=" " tag="911"><subfield code="a">Philo Alexandrinus</subfield><subfield code="c">Philosoph, Theologe, Alexandrien</subfield><subfield code="d">ca. 15/10 v.Chr. - 40 n.Chr</subfield><subfield code="5">IDSLU/ger</subfield></datafield><datafield ind1=" " ind2=" " tag="949"><subfield code="a">http://www.ub.unibas.ch/tox/HBZ/HT013466743/PDF</subfield></datafield></record>
</metadata></record>