<record><header><identifier>oai:alma.41SLSP_UGE:991000030919705502</identifier><datestamp>2023-04-11T00:11:20Z</datestamp><setSpec>uge_bcen_RapidILL_BOOK</setSpec><setSpec>uge_aaca_RapidILL_BOOK</setSpec><setSpec>uge_abels_RapidILL_BOOK</setSpec><setSpec>uge_dbu_RapidILL_BOOK</setSpec><setSpec>uge_cmu_RapidILL_BOOK</setSpec><setSpec>uge_mail_RapidILL_BOOK</setSpec><setSpec>uge_abbat_RapidILL_BOOK</setSpec><setSpec>UNIGE_ALL</setSpec><setSpec>uge_acar_RapidILL_BOOK</setSpec><setSpec>uge_aobs_RapidILL_BOOK</setSpec></header><metadata>
<record xmlns="http://www.loc.gov/MARC21/slim" xmlns:xsi="http://www.w3.org/2001/XMLSchema-instance" xsi:schemaLocation="http://www.loc.gov/MARC21/slim http://www.loc.gov/standards/marcxml/schema/MARC21slim.xsd"><leader>02031nam a2200529 c 4500</leader><controlfield tag="001">991000030919705502</controlfield><controlfield tag="005">20230410153816.0</controlfield><controlfield tag="008">201012s2018    xxk      b    001 0 eng|d</controlfield><datafield ind1=" " ind2=" " tag="010"><subfield code="a">2017004168</subfield></datafield><datafield ind1=" " ind2=" " tag="020"><subfield code="a">1138239429</subfield><subfield code="q">hbk</subfield></datafield><datafield ind1=" " ind2=" " tag="020"><subfield code="a">9780367197049</subfield><subfield code="q">pbk</subfield></datafield><datafield ind1=" " ind2=" " tag="020"><subfield code="a">9781138239425</subfield><subfield code="q">hbk</subfield><subfield code="c">EUR 44.91</subfield></datafield><datafield ind1=" " ind2=" " tag="035"><subfield code="a">(swissbib)242289258-41slsp_network</subfield></datafield><datafield ind1=" " ind2=" " tag="035"><subfield code="a">242289258</subfield><subfield code="9">ExL</subfield></datafield><datafield ind1=" " ind2=" " tag="035"><subfield code="a">(IDSLU)001346058ILU01</subfield></datafield><datafield ind1=" " ind2=" " tag="035"><subfield code="a">(RERO)R008695304-41slsp</subfield></datafield><datafield ind1=" " ind2=" " tag="035"><subfield code="a">(OCoLC)1012399469</subfield></datafield><datafield ind1=" " ind2=" " tag="035"><subfield code="a">(EXLNZ-41SLSP_NETWORK)991041530279705501</subfield></datafield><datafield ind1=" " ind2=" " tag="040"><subfield code="a">EYM</subfield><subfield code="b">ger</subfield><subfield code="e">rda</subfield><subfield code="d">CH-ZuSLS</subfield></datafield><datafield ind1="0" ind2="0" tag="050"><subfield code="a">LC71</subfield><subfield code="b">.R37 2018</subfield></datafield><datafield ind1=" " ind2="7" tag="072"><subfield code="a">140</subfield><subfield code="2">IDS LU</subfield></datafield><datafield ind1=" " ind2="7" tag="072"><subfield code="a">ps</subfield><subfield code="2">rero</subfield></datafield><datafield ind1="0" ind2="0" tag="082"><subfield code="a">370.11/5</subfield><subfield code="2">23</subfield></datafield><datafield ind1=" " ind2=" " tag="084"><subfield code="a">MS 7000</subfield><subfield code="2">rvk</subfield></datafield><datafield ind1="1" ind2=" " tag="100"><subfield code="a">Ranson, Stewart</subfield><subfield code="0">(DE-588)170070646</subfield><subfield code="e">Verfasser</subfield><subfield code="4">aut</subfield><subfield code="6">880-01</subfield></datafield><datafield ind1="1" ind2=" " tag="880"><subfield code="6">100-01</subfield><subfield code="a">Ranson, Stewart</subfield><subfield code="d">1946-....</subfield><subfield code="0">(IDREF)034266380</subfield><subfield code="4">cre</subfield></datafield><datafield ind1="1" ind2="0" tag="245"><subfield code="a">Education and democratic participation</subfield><subfield code="b">the making of learning communities</subfield><subfield code="c">Stewart Ranson</subfield></datafield><datafield ind1=" " ind2=" " tag="250"><subfield code="a">First issued in paperback</subfield></datafield><datafield ind1=" " ind2="1" tag="264"><subfield code="a">London</subfield><subfield code="b">Routledge, Taylor &amp; Francis Group</subfield><subfield code="c">2018</subfield></datafield><datafield ind1=" " ind2=" " tag="300"><subfield code="a">xxvi, 221 Seiten</subfield><subfield code="c">24 cm</subfield></datafield><datafield ind1=" " ind2=" " tag="336"><subfield code="b">txt</subfield><subfield code="2">rdacontent</subfield></datafield><datafield ind1=" " ind2=" " tag="337"><subfield code="b">n</subfield><subfield code="2">rdamedia</subfield></datafield><datafield ind1=" " ind2=" " tag="338"><subfield code="b">nc</subfield><subfield code="2">rdacarrier</subfield></datafield><datafield ind1="0" ind2=" " tag="490"><subfield code="a">Progressive education: policy, politics and practice</subfield></datafield><datafield ind1=" " ind2=" " tag="504"><subfield code="a">Includes bibliographical references and index</subfield></datafield><datafield ind1=" " ind2="7" tag="650"><subfield code="a">Bildung</subfield><subfield code="0">(DE-588)4006650-2</subfield><subfield code="2">gnd</subfield></datafield><datafield ind1=" " ind2="7" tag="650"><subfield code="a">Bürgerbeteiligung</subfield><subfield code="0">(DE-588)4008767-0</subfield><subfield code="2">gnd</subfield></datafield><datafield ind1=" " ind2="7" tag="650"><subfield code="a">Demokratisierung</subfield><subfield code="0">(DE-588)4124941-0</subfield><subfield code="2">gnd</subfield></datafield><datafield ind1=" " ind2="0" tag="650"><subfield code="a">Democracy and education</subfield></datafield><datafield ind1=" " ind2="0" tag="650"><subfield code="a">Political participation</subfield></datafield><datafield ind1=" " ind2="7" tag="650"><subfield code="a">Éducation politique</subfield><subfield code="0">(IDREF)027583805</subfield><subfield code="2">idref</subfield></datafield><datafield ind1=" " ind2="7" tag="650"><subfield code="a">Éducation à la citoyenneté</subfield><subfield code="0">(IDREF)027553116</subfield><subfield code="2">idref</subfield></datafield><datafield ind1=" " ind2="7" tag="650"><subfield code="a">Participation politique</subfield><subfield code="0">(IDREF)027298930</subfield><subfield code="2">idref</subfield></datafield><datafield ind1=" " ind2="7" tag="650"><subfield code="a">Démocratie</subfield><subfield code="0">(IDREF)027358054</subfield><subfield code="2">idref</subfield></datafield><datafield ind1="4" ind2=" " tag="856"><subfield code="3">Inhaltsverzeichnis</subfield><subfield code="u">https://www.ub.unibas.ch/tox/IDSLUZ/001346058/PDF</subfield><subfield code="q">pdf</subfield></datafield><datafield ind1=" " ind2=" " tag="900"><subfield code="a">REROnoselfmerge</subfield></datafield><datafield ind1=" " ind2=" " tag="910"><subfield code="a">LOC</subfield><subfield code="b">20170830</subfield><subfield code="c">Droits réservés</subfield></datafield><datafield ind1=" " ind2=" " tag="949"><subfield code="a">https://www.ub.unibas.ch/tox/IDSLUZ/001346058/PDF</subfield></datafield></record>
</metadata></record>