<record><header><identifier>oai:alma.41SLSP_UGE:991000030809705502</identifier><datestamp>2023-03-01T01:09:05Z</datestamp><setSpec>uge_bcen_RapidILL_BOOK</setSpec><setSpec>uge_aaca_RapidILL_BOOK</setSpec><setSpec>uge_abels_RapidILL_BOOK</setSpec><setSpec>uge_dbu_RapidILL_BOOK</setSpec><setSpec>uge_cmu_RapidILL_BOOK</setSpec><setSpec>uge_mail_RapidILL_BOOK</setSpec><setSpec>UNIGE_ALL</setSpec><setSpec>uge_abbat_RapidILL_BOOK</setSpec><setSpec>uge_aobs_RapidILL_BOOK</setSpec><setSpec>uge_acar_RapidILL_BOOK</setSpec></header><metadata>
<record xmlns="http://www.loc.gov/MARC21/slim" xmlns:xsi="http://www.w3.org/2001/XMLSchema-instance" xsi:schemaLocation="http://www.loc.gov/MARC21/slim http://www.loc.gov/standards/marcxml/schema/MARC21slim.xsd"><leader>01121nam a2200289 c 4500</leader><controlfield tag="001">991000030809705502</controlfield><controlfield tag="005">20221222121357.0</controlfield><controlfield tag="008">041001s1970    xxk||||| |||| 00| ||eng d</controlfield><datafield ind1=" " ind2=" " tag="035"><subfield code="a">(swissbib)10108420X-41slsp_network</subfield></datafield><datafield ind1=" " ind2=" " tag="035"><subfield code="a">10108420X</subfield><subfield code="9">ExL</subfield></datafield><datafield ind1=" " ind2=" " tag="035"><subfield code="a">(RERO)R003713826-41slsp</subfield></datafield><datafield ind1=" " ind2=" " tag="035"><subfield code="a">(EXLNZ-41SLSP_NETWORK)991073001729705501</subfield></datafield><datafield ind1=" " ind2=" " tag="040"><subfield code="a">RERO geulan</subfield><subfield code="d">CH-ZuSLS</subfield></datafield><datafield ind1=" " ind2="7" tag="072"><subfield code="a">an</subfield><subfield code="2">rero</subfield></datafield><datafield ind1="1" ind2=" " tag="100"><subfield code="a">Hoccleve, Thomas</subfield><subfield code="d">1369?-1426</subfield><subfield code="0">(IDREF)031051766</subfield><subfield code="4">aut</subfield></datafield><datafield ind1="1" ind2="0" tag="245"><subfield code="a">Hoccleve's works</subfield><subfield code="b">The minor poems</subfield><subfield code="c">ed. by Frederick J. Furnivall &amp; I. Gollancz</subfield></datafield><datafield ind1=" " ind2=" " tag="250"><subfield code="a">[Rev. and reprinted]</subfield></datafield><datafield ind1=" " ind2="1" tag="264"><subfield code="a">London</subfield><subfield code="b">H. Milford</subfield><subfield code="b">Oxford Univ. Press</subfield><subfield code="c">1970</subfield></datafield><datafield ind1=" " ind2=" " tag="300"><subfield code="a">L, 314 p.</subfield><subfield code="b">ill.</subfield><subfield code="c">23 cm</subfield></datafield><datafield ind1=" " ind2=" " tag="336"><subfield code="b">txt</subfield><subfield code="2">rdacontent</subfield></datafield><datafield ind1=" " ind2=" " tag="337"><subfield code="b">n</subfield><subfield code="2">rdamedia</subfield></datafield><datafield ind1=" " ind2=" " tag="338"><subfield code="b">nc</subfield><subfield code="2">rdacarrier</subfield></datafield><datafield ind1="1" ind2=" " tag="490"><subfield code="a">The Early English Text Society. Extra series</subfield><subfield code="v">no. 61 &amp; 73</subfield></datafield><datafield ind1="1" ind2=" " tag="700"><subfield code="a">Gollancz, Israel</subfield><subfield code="d">1864-1930</subfield><subfield code="0">(IDREF)033184518</subfield></datafield><datafield ind1="1" ind2=" " tag="700"><subfield code="a">Furnivall, Frederick James</subfield><subfield code="d">1825-1910</subfield><subfield code="0">(IDREF)032573693</subfield></datafield><datafield ind1=" " ind2=" " tag="830"><subfield code="a">Early English Text Society</subfield><subfield code="p">Extra series</subfield><subfield code="v">61, 73</subfield><subfield code="w">(RERO)0004362-41slsp</subfield></datafield><datafield ind1="1" ind2=" " tag="800"><subfield code="a">Hoccleve, Thomas</subfield><subfield code="t">Hoccleve's works</subfield><subfield code="v">1, 2</subfield><subfield code="w">(RERO)2189030-41slsp</subfield></datafield><datafield ind1=" " ind2=" " tag="900"><subfield code="a">REROnoselfmerge</subfield></datafield></record>
</metadata></record>