<record><header><identifier>oai:alma.41SLSP_UGE:991000031329705502</identifier><datestamp>2023-04-08T00:21:37Z</datestamp><setSpec>uge_bcen_RapidILL_BOOK</setSpec><setSpec>uge_aaca_RapidILL_BOOK</setSpec><setSpec>uge_abels_RapidILL_BOOK</setSpec><setSpec>uge_dbu_RapidILL_BOOK</setSpec><setSpec>uge_cmu_RapidILL_BOOK</setSpec><setSpec>uge_mail_RapidILL_BOOK</setSpec><setSpec>uge_abbat_RapidILL_BOOK</setSpec><setSpec>UNIGE_ALL</setSpec><setSpec>uge_aobs_RapidILL_BOOK</setSpec><setSpec>uge_acar_RapidILL_BOOK</setSpec></header><metadata>
<record xmlns="http://www.loc.gov/MARC21/slim" xmlns:xsi="http://www.w3.org/2001/XMLSchema-instance" xsi:schemaLocation="http://www.loc.gov/MARC21/slim http://www.loc.gov/standards/marcxml/schema/MARC21slim.xsd"><leader>02464nam a22004332c 4500</leader><controlfield tag="001">991000031329705502</controlfield><controlfield tag="005">20230407122959.0</controlfield><controlfield tag="008">140513s2014    ne ||||| |||| 00| ||eng d</controlfield><datafield ind1=" " ind2=" " tag="020"><subfield code="a">9789462094833</subfield><subfield code="q">pbk.</subfield></datafield><datafield ind1=" " ind2=" " tag="020"><subfield code="a">9789462094840</subfield><subfield code="q">hbk.</subfield></datafield><datafield ind1=" " ind2=" " tag="035"><subfield code="a">(swissbib)119684993-41slsp_network</subfield></datafield><datafield ind1=" " ind2=" " tag="035"><subfield code="a">119684993</subfield><subfield code="9">ExL</subfield></datafield><datafield ind1=" " ind2=" " tag="035"><subfield code="a">(RERO)R007733136-41slsp</subfield></datafield><datafield ind1=" " ind2=" " tag="035"><subfield code="a">(EXLNZ-41SLSP_NETWORK)991108403449705501</subfield></datafield><datafield ind1=" " ind2=" " tag="040"><subfield code="a">YDXCP</subfield><subfield code="d">CH-ZuSLS</subfield></datafield><datafield ind1=" " ind2="4" tag="050"><subfield code="a">LB2332.3</subfield><subfield code="b">.C376 2014</subfield></datafield><datafield ind1=" " ind2="7" tag="072"><subfield code="a">pe</subfield><subfield code="2">rero</subfield></datafield><datafield ind1="0" ind2="4" tag="082"><subfield code="a">378.1/2082</subfield><subfield code="2">23</subfield></datafield><datafield ind1="0" ind2="0" tag="245"><subfield code="a">Career moves</subfield><subfield code="b">mentoring for women advancing their career and leadership in academia</subfield><subfield code="c">edited by Athena Vongalis-Macrow</subfield></datafield><datafield ind1=" " ind2="1" tag="264"><subfield code="a">Rotterdam</subfield><subfield code="b">Sense Publishers</subfield><subfield code="c">[2014]</subfield></datafield><datafield ind1=" " ind2="4" tag="264"><subfield code="c">© 2014</subfield></datafield><datafield ind1=" " ind2=" " tag="300"><subfield code="a">xvii, 119 p.</subfield></datafield><datafield ind1=" " ind2=" " tag="336"><subfield code="b">txt</subfield><subfield code="2">rdacontent</subfield></datafield><datafield ind1=" " ind2=" " tag="337"><subfield code="b">n</subfield><subfield code="2">rdamedia</subfield></datafield><datafield ind1=" " ind2=" " tag="338"><subfield code="b">nc</subfield><subfield code="2">rdacarrier</subfield></datafield><datafield ind1=" " ind2=" " tag="504"><subfield code="a">Includes bibliographical references.</subfield></datafield><datafield ind1="0" ind2=" " tag="505"><subfield code="a">Introduction / Shirley Randall -- Strategies for maintaining sanity and success: advice for junior faculty / Heather Wyatt-Nichol -- &quot;You're on the cusp, but not there yet&quot;: braving the promotion process / Wendy Sutherland Smith -- Discrimination in the university in India: special reference to the Bangalore University women employees in Karnataka / Samata B. Deshmane -- A new black girls' club: mentoring doctoral and ABD candidates in academia / A. Myrna Nurse -- The value and role of mentoring and role models in attracting and retaining junior women faculty in academic medicine / Margaret Steele &amp; Sandra Fisman -- Avoiding mid-career stalling / Athena Vongalis-Macrow -- Advancing women through collaborative networking / Betsy Brown &amp; Laura Severin -- Preparing for an academic deanship / Sandra Cassady -- Preparing women to be president: advacing women to the top leadership roles in American higher education / Carolyn J. Stefanco</subfield></datafield><datafield ind1=" " ind2="0" tag="650"><subfield code="a">Career development</subfield></datafield><datafield ind1=" " ind2="0" tag="650"><subfield code="a">Leadership in women</subfield></datafield><datafield ind1=" " ind2="0" tag="650"><subfield code="a">Mentoring in education</subfield></datafield><datafield ind1=" " ind2="0" tag="650"><subfield code="a">Women in higher education</subfield></datafield><datafield ind1=" " ind2="7" tag="650"><subfield code="a">Femmes</subfield><subfield code="0">(IDREF)027537242</subfield><subfield code="2">idref</subfield></datafield><datafield ind1=" " ind2="7" tag="650"><subfield code="a">Enseignement supérieur</subfield><subfield code="0">(IDREF)027335747</subfield><subfield code="2">idref</subfield></datafield><datafield ind1=" " ind2="7" tag="650"><subfield code="a">Tuteurs et tutorat (éducation)</subfield><subfield code="0">(IDREF)027553086</subfield><subfield code="2">idref</subfield></datafield><datafield ind1=" " ind2="7" tag="650"><subfield code="a">Plan de carrière</subfield><subfield code="0">(IDREF)029336694</subfield><subfield code="2">idref</subfield></datafield><datafield ind1=" " ind2="7" tag="650"><subfield code="a">Éducation</subfield><subfield code="0">(IDREF)027555100</subfield><subfield code="2">idref</subfield></datafield><datafield ind1=" " ind2="7" tag="655"><subfield code="a">[Études diverses]</subfield><subfield code="0">(RERO)A022249905</subfield><subfield code="2">rero</subfield></datafield><datafield ind1="1" ind2=" " tag="700"><subfield code="a">Vongalis-Macrow, Athena</subfield><subfield code="0">(IDREF)235444014</subfield></datafield><datafield ind1=" " ind2=" " tag="900"><subfield code="a">REROnoselfmerge</subfield></datafield><datafield ind1=" " ind2=" " tag="910"><subfield code="a">OCoLC</subfield><subfield code="b">20140513</subfield><subfield code="c">Droits réservés</subfield></datafield></record>
</metadata></record>