<record><header><identifier>oai:alma.41SLSP_UGE:991000030909705502</identifier><datestamp>2023-04-17T00:12:59Z</datestamp><setSpec>uge_bcen_RapidILL_BOOK</setSpec><setSpec>uge_aaca_RapidILL_BOOK</setSpec><setSpec>uge_abels_RapidILL_BOOK</setSpec><setSpec>uge_dbu_RapidILL_BOOK</setSpec><setSpec>uge_cmu_RapidILL_BOOK</setSpec><setSpec>uge_mail_RapidILL_BOOK</setSpec><setSpec>uge_abbat_RapidILL_BOOK</setSpec><setSpec>UNIGE_ALL</setSpec><setSpec>uge_acar_RapidILL_BOOK</setSpec><setSpec>uge_aobs_RapidILL_BOOK</setSpec></header><metadata>
<record xmlns="http://www.loc.gov/MARC21/slim" xmlns:xsi="http://www.w3.org/2001/XMLSchema-instance" xsi:schemaLocation="http://www.loc.gov/MARC21/slim http://www.loc.gov/standards/marcxml/schema/MARC21slim.xsd"><leader>02472nam a2200553 c 4500</leader><controlfield tag="001">991000030909705502</controlfield><controlfield tag="005">20230416152428.0</controlfield><controlfield tag="008">201011s2014    gw ||||| |||| 00| ||eng d</controlfield><datafield ind1=" " ind2=" " tag="015"><subfield code="a">13,N34</subfield><subfield code="2">dnb</subfield></datafield><datafield ind1=" " ind2=" " tag="020"><subfield code="a">9783642402876</subfield></datafield><datafield ind1=" " ind2=" " tag="020"><subfield code="a">3642402879</subfield></datafield><datafield ind1=" " ind2=" " tag="020"><subfield code="a">9783642402883</subfield><subfield code="q">eBook</subfield></datafield><datafield ind1=" " ind2=" " tag="035"><subfield code="a">(swissbib)225383535-41slsp_network</subfield></datafield><datafield ind1=" " ind2=" " tag="035"><subfield code="a">225383535</subfield><subfield code="9">ExL</subfield></datafield><datafield ind1=" " ind2=" " tag="035"><subfield code="a">(RERO)R007599191-41slsp</subfield></datafield><datafield ind1=" " ind2=" " tag="035"><subfield code="a">(NEBIS)010034630EBI01</subfield></datafield><datafield ind1=" " ind2=" " tag="035"><subfield code="a">(OCoLC)864529780</subfield></datafield><datafield ind1=" " ind2=" " tag="035"><subfield code="a">(EXLNZ-41SLSP_NETWORK)991016197639705501</subfield></datafield><datafield ind1=" " ind2=" " tag="040"><subfield code="a">GWDNB</subfield><subfield code="d">CH-ZuSLS</subfield></datafield><datafield ind1=" " ind2="7" tag="072"><subfield code="a">bi</subfield><subfield code="2">rero</subfield></datafield><datafield ind1="0" ind2="4" tag="082"><subfield code="a">580</subfield></datafield><datafield ind1=" " ind2=" " tag="084"><subfield code="a">580</subfield><subfield code="2">sdnb</subfield></datafield><datafield ind1="1" ind2=" " tag="100"><subfield code="a">Beilby, Mary J.</subfield><subfield code="0">(RERO)A024369542</subfield><subfield code="4">cre</subfield></datafield><datafield ind1="1" ind2="0" tag="245"><subfield code="a">&lt;&lt;The&gt;&gt; physiology of characean cells</subfield><subfield code="c">Mary J. Beilby, Michelle T. Casanova</subfield></datafield><datafield ind1=" " ind2="1" tag="264"><subfield code="a">Berlin</subfield><subfield code="b">Springer</subfield><subfield code="c">2014</subfield></datafield><datafield ind1=" " ind2=" " tag="300"><subfield code="a">205 p.</subfield><subfield code="b">ill.</subfield></datafield><datafield ind1=" " ind2=" " tag="336"><subfield code="b">txt</subfield><subfield code="2">rdacontent</subfield></datafield><datafield ind1=" " ind2=" " tag="337"><subfield code="b">n</subfield><subfield code="2">rdamedia</subfield></datafield><datafield ind1=" " ind2=" " tag="338"><subfield code="b">nc</subfield><subfield code="2">rdacarrier</subfield></datafield><datafield ind1=" " ind2="7" tag="650"><subfield code="a">Physiologie</subfield><subfield code="0">(IDREF)027346862</subfield><subfield code="2">idref</subfield></datafield><datafield ind1=" " ind2="7" tag="650"><subfield code="a">Électrophysiologie</subfield><subfield code="0">(IDREF)027302032</subfield><subfield code="2">idref</subfield></datafield><datafield ind1=" " ind2="7" tag="650"><subfield code="a">Cormophytes</subfield><subfield code="0">(IDREF)02981488X</subfield><subfield code="2">idref</subfield></datafield><datafield ind1=" " ind2="7" tag="650"><subfield code="a">Characées</subfield><subfield code="0">(IDREF)027859266</subfield><subfield code="2">idref</subfield></datafield><datafield ind1=" " ind2="7" tag="650"><subfield code="a">Cellules</subfield><subfield code="0">(IDREF)027567885</subfield><subfield code="2">idref</subfield></datafield><datafield ind1=" " ind2="7" tag="650"><subfield code="a">Biologie</subfield><subfield code="0">(IDREF)027388050</subfield><subfield code="2">idref</subfield></datafield><datafield ind1=" " ind2="7" tag="650"><subfield code="a">CHARACEAE (BOTANIK)</subfield><subfield code="9">ger</subfield><subfield code="0">(ETHUDK)000023662</subfield><subfield code="2">ethudk</subfield></datafield><datafield ind1=" " ind2="7" tag="650"><subfield code="a">ELEKTRISCHE + MAGNETISCHE EIGENSCHAFTEN (BOTANIK)</subfield><subfield code="9">ger</subfield><subfield code="0">(ETHUDK)000052707</subfield><subfield code="2">ethudk</subfield></datafield><datafield ind1=" " ind2="7" tag="650"><subfield code="a">FUNKTIONELLE PFLANZENMORPHOLOGIE + FUNKTIONELLE PFLANZENANATOMIE</subfield><subfield code="9">ger</subfield><subfield code="0">(ETHUDK)000050389</subfield><subfield code="2">ethudk</subfield></datafield><datafield ind1=" " ind2="7" tag="650"><subfield code="a">PFLANZENCYTOLOGIE</subfield><subfield code="9">ger</subfield><subfield code="0">(ETHUDK)000023446</subfield><subfield code="2">ethudk</subfield></datafield><datafield ind1=" " ind2="7" tag="650"><subfield code="a">SYSTEMATIK, TAXONOMIE UND VERWANDTSCHAFT (BOTANIK UND PALÄOBOTANIK)</subfield><subfield code="9">ger</subfield><subfield code="0">(ETHUDK)000023361</subfield><subfield code="2">ethudk</subfield></datafield><datafield ind1=" " ind2="7" tag="650"><subfield code="a">TRANSPORT (PFLANZENPHYSIOLOGIE)</subfield><subfield code="9">ger</subfield><subfield code="0">(ETHUDK)000048844</subfield><subfield code="2">ethudk</subfield></datafield><datafield ind1=" " ind2="7" tag="650"><subfield code="a">ÄUSSERE FAKTOREN UND STRESS (BOTANIK)</subfield><subfield code="9">ger</subfield><subfield code="0">(ETHUDK)000049461</subfield><subfield code="2">ethudk</subfield></datafield><datafield ind1=" " ind2="7" tag="650"><subfield code="a">ÖKOLOGISCHE GEOBOTANIK</subfield><subfield code="9">ger</subfield><subfield code="0">(ETHUDK)000023516</subfield><subfield code="2">ethudk</subfield></datafield><datafield ind1="1" ind2=" " tag="700"><subfield code="a">Casanova, Michelle T</subfield><subfield code="0">(RERO)A024369544</subfield></datafield><datafield ind1="4" ind2=" " tag="856"><subfield code="3">Titelblatt und Inhaltsverzeichnis</subfield><subfield code="u">https://toc.library.ethz.ch/objects/pdf03/e05_978-3-642-40287-6_01.pdf</subfield><subfield code="q">pdf</subfield></datafield><datafield ind1="4" ind2=" " tag="856"><subfield code="3">Abstract / Autoreninformation</subfield><subfield code="u">https://toc.library.ethz.ch/objects/pdf03/e05_978-3-642-40287-6_02.pdf</subfield><subfield code="q">pdf</subfield></datafield><datafield ind1=" " ind2=" " tag="900"><subfield code="a">REROnoselfmerge</subfield></datafield><datafield ind1=" " ind2=" " tag="910"><subfield code="a">OCoLC</subfield><subfield code="b">20140113</subfield><subfield code="c">Droits réservés</subfield></datafield><datafield ind1=" " ind2=" " tag="949"><subfield code="a">https://toc.library.ethz.ch/objects/pdf03/e05_978-3-642-40287-6_01.pdf</subfield></datafield><datafield ind1=" " ind2=" " tag="949"><subfield code="a">https://toc.library.ethz.ch/objects/pdf03/e05_978-3-642-40287-6_02.pdf</subfield></datafield></record>
</metadata></record>