<record><header><identifier>oai:alma.41SLSP_UGE:991000031649705502</identifier><datestamp>2023-11-02T02:15:57Z</datestamp><setSpec>uge_bcen_RapidILL_BOOK</setSpec><setSpec>uge_aaca_RapidILL_BOOK</setSpec><setSpec>uge_abels_RapidILL_BOOK</setSpec><setSpec>uge_dbu_RapidILL_BOOK</setSpec><setSpec>uge_cmu_RapidILL_BOOK</setSpec><setSpec>uge_mail_RapidILL_BOOK</setSpec><setSpec>uge_abbat_RapidILL_BOOK</setSpec><setSpec>UNIGE_ALL</setSpec><setSpec>uge_aobs_RapidILL_BOOK</setSpec><setSpec>uge_acar_RapidILL_BOOK</setSpec></header><metadata>
<record xmlns="http://www.loc.gov/MARC21/slim" xmlns:xsi="http://www.w3.org/2001/XMLSchema-instance" xsi:schemaLocation="http://www.loc.gov/MARC21/slim http://www.loc.gov/standards/marcxml/schema/MARC21slim.xsd"><leader>05475nam a2201117uc 4500</leader><controlfield tag="001">991000031649705502</controlfield><controlfield tag="005">20231031061342.0</controlfield><controlfield tag="008">201011t19921992sz            00| | ger d</controlfield><datafield ind1=" " ind2=" " tag="019"><subfield code="a">5 notices analytiques BFD pour contribution de droit suisse.</subfield><subfield code="5">RERO/02.11.1993/geubfd/njo</subfield></datafield><datafield ind1=" " ind2=" " tag="020"><subfield code="a">3725530149</subfield><subfield code="c">Fr. 42.-</subfield></datafield><datafield ind1=" " ind2=" " tag="035"><subfield code="a">(swissbib)227297598-41slsp_network</subfield></datafield><datafield ind1=" " ind2=" " tag="035"><subfield code="a">227297598</subfield><subfield code="9">ExL</subfield></datafield><datafield ind1=" " ind2=" " tag="035"><subfield code="a">(IDSBB)000853060DSV01</subfield></datafield><datafield ind1=" " ind2=" " tag="035"><subfield code="a">(NEBIS)000651331EBI01</subfield></datafield><datafield ind1=" " ind2=" " tag="035"><subfield code="a">(RERO)1564032-41slsp</subfield></datafield><datafield ind1=" " ind2=" " tag="035"><subfield code="a">(IDSSG)000048015HSB01</subfield></datafield><datafield ind1=" " ind2=" " tag="035"><subfield code="a">(IDSLU)000119991ILU01</subfield></datafield><datafield ind1=" " ind2=" " tag="035"><subfield code="a">(EXLNZ-41SLSP_NETWORK)991064995099705501</subfield></datafield><datafield ind1=" " ind2=" " tag="040"><subfield code="a">SzZuIDS BS/BE A208</subfield><subfield code="b">ger</subfield><subfield code="e">kids</subfield><subfield code="d">CH-ZuSLS</subfield></datafield><datafield ind1=" " ind2=" " tag="044"><subfield code="a">sz</subfield></datafield><datafield ind1=" " ind2="7" tag="072"><subfield code="a">rw</subfield><subfield code="2">SzZuIDS BS/BE</subfield></datafield><datafield ind1=" " ind2="7" tag="072"><subfield code="a">if</subfield><subfield code="2">SzZuIDS BS/BE</subfield></datafield><datafield ind1=" " ind2="7" tag="072"><subfield code="a">dr</subfield><subfield code="2">rero</subfield></datafield><datafield ind1=" " ind2="7" tag="072"><subfield code="a">840</subfield><subfield code="2">IDS LU</subfield></datafield><datafield ind1=" " ind2="7" tag="072"><subfield code="a">28</subfield><subfield code="2">IDS LU</subfield></datafield><datafield ind1="1" ind2="4" tag="082"><subfield code="a">004</subfield><subfield code="2">15</subfield></datafield><datafield ind1="1" ind2="4" tag="082"><subfield code="a">340</subfield><subfield code="2">15</subfield></datafield><datafield ind1=" " ind2=" " tag="084"><subfield code="a">CA/CH 23 h</subfield><subfield code="2">cjurrom</subfield></datafield><datafield ind1=" " ind2=" " tag="084"><subfield code="a">CA/CH 12 e</subfield><subfield code="2">cjurrom</subfield></datafield><datafield ind1=" " ind2=" " tag="084"><subfield code="a">CA/CH 60.1 e</subfield><subfield code="2">cjurrom</subfield></datafield><datafield ind1=" " ind2=" " tag="084"><subfield code="a">19</subfield><subfield code="2">sdnb</subfield></datafield><datafield ind1=" " ind2=" " tag="084"><subfield code="a">28</subfield><subfield code="2">sdnb</subfield></datafield><datafield ind1=" " ind2=" " tag="084"><subfield code="a">340</subfield><subfield code="2">sdnb</subfield></datafield><datafield ind1=" " ind2=" " tag="084"><subfield code="a">360</subfield><subfield code="2">sdnb</subfield></datafield><datafield ind1="0" ind2="0" tag="245"><subfield code="a">Rechtsfragen des Informatikeinsatzes</subfield><subfield code="b">SVD/Büfa-Tagung [Zürich] 1989</subfield><subfield code="c">hrsg. von K. Bauknecht, P. Forstmoser, C. A. Zehnder ; hrsg. von der Schweizerischen Vereinigung für Datenverarbeitung (SVD) und dem Schweizerischen Wirtschaftsverband der Informations-, Kommunikations- und Organisationstechnik (SWICO), unter der Leitung von Rainer J. Schweizer</subfield></datafield><datafield ind1=" " ind2="1" tag="264"><subfield code="a">Zürich</subfield><subfield code="b">Schulthess</subfield><subfield code="c">[1992]</subfield></datafield><datafield ind1=" " ind2="4" tag="264"><subfield code="c">© 1992</subfield></datafield><datafield ind1=" " ind2=" " tag="300"><subfield code="a">VII, 98 S.</subfield><subfield code="c">23 cm</subfield></datafield><datafield ind1=" " ind2=" " tag="336"><subfield code="b">txt</subfield><subfield code="2">rdacontent</subfield></datafield><datafield ind1=" " ind2=" " tag="337"><subfield code="b">n</subfield><subfield code="2">rdamedia</subfield></datafield><datafield ind1=" " ind2=" " tag="338"><subfield code="b">nc</subfield><subfield code="2">rdacarrier</subfield></datafield><datafield ind1="1" ind2=" " tag="490"><subfield code="a">Computer und Recht</subfield><subfield code="v">Bd. 23</subfield></datafield><datafield ind1=" " ind2=" " tag="500"><subfield code="a">&quot;... Tagung übr Ausgewählte Rechtsfragen des Informatikeinsatzes ...&quot;. - Anlassort: Dolder/Zürich</subfield></datafield><datafield ind1=" " ind2=" " tag="500"><subfield code="a">Enth.: Das Recht als Rahmenbedingung für Informatik-Anwendungen / Rainer J. Schweizer</subfield></datafield><datafield ind1=" " ind2="0" tag="650"><subfield code="a">Computers</subfield><subfield code="x">Law and legislation</subfield><subfield code="z">Switzerland</subfield></datafield><datafield ind1=" " ind2="0" tag="650"><subfield code="a">Data transmission systems</subfield><subfield code="x">Law and legislation</subfield><subfield code="z">Switzerland</subfield></datafield><datafield ind1=" " ind2="0" tag="650"><subfield code="a">Information storage and retrieval systems</subfield></datafield><datafield ind1=" " ind2="0" tag="650"><subfield code="a">Information storage and retrieval systems</subfield><subfield code="x">Switzerland</subfield></datafield><datafield ind1=" " ind2="7" tag="650"><subfield code="a">ALLGEMEINE RECHTLICHE ASPEKTE (RECHT)</subfield><subfield code="9">ger</subfield><subfield code="0">(ETHUDK)000051895</subfield><subfield code="2">ethudk</subfield></datafield><datafield ind1=" " ind2="7" tag="650"><subfield code="a">COMPUTERANWENDUNGEN IM RECHT</subfield><subfield code="9">ger</subfield><subfield code="0">(ETHUDK)000011586</subfield><subfield code="2">ethudk</subfield></datafield><datafield ind1=" " ind2="7" tag="650"><subfield code="a">Datenschutz</subfield><subfield code="0">(DE-588)4011134-9</subfield><subfield code="2">gnd</subfield></datafield><datafield ind1=" " ind2="7" tag="650"><subfield code="a">Datenverarbeitung</subfield><subfield code="0">(DE-588)4011152-0</subfield><subfield code="2">gnd</subfield></datafield><datafield ind1=" " ind2="7" tag="650"><subfield code="a">Informatik</subfield><subfield code="0">(DE-588)4026894-9</subfield><subfield code="2">gnd</subfield></datafield><datafield ind1=" " ind2="7" tag="650"><subfield code="a">Kongress</subfield><subfield code="0">(DE-588)4130470-6</subfield><subfield code="2">gnd</subfield></datafield><datafield ind1=" " ind2="7" tag="650"><subfield code="a">Recht</subfield><subfield code="0">(DE-588)4048737-4</subfield><subfield code="2">gnd</subfield></datafield><datafield ind1=" " ind2="7" tag="650"><subfield code="a">Informatikrecht</subfield><subfield code="z">Schweiz</subfield><subfield code="v">Kongressbericht</subfield><subfield code="2">idsbb</subfield></datafield><datafield ind1=" " ind2="7" tag="650"><subfield code="a">Rechtsinformatik</subfield><subfield code="z">Schweiz</subfield><subfield code="v">Kongressbericht</subfield><subfield code="2">idsbb</subfield></datafield><datafield ind1=" " ind2="7" tag="650"><subfield code="a">Datenverarbeitung</subfield><subfield code="2">idszbz</subfield></datafield><datafield ind1=" " ind2="7" tag="650"><subfield code="a">Recht</subfield><subfield code="2">idszbz</subfield></datafield><datafield ind1=" " ind2="7" tag="650"><subfield code="a">Datensammlung</subfield><subfield code="9">ger</subfield><subfield code="0">(RERO)jurivoc000005313ger</subfield><subfield code="2">jurivoc</subfield></datafield><datafield ind1=" " ind2="7" tag="650"><subfield code="a">Datenschutz</subfield><subfield code="9">ger</subfield><subfield code="0">(RERO)jurivoc000005314ger</subfield><subfield code="2">jurivoc</subfield></datafield><datafield ind1=" " ind2="7" tag="650"><subfield code="a">elektronische Datenverarbeitung</subfield><subfield code="9">ger</subfield><subfield code="0">(RERO)jurivoc000006753ger</subfield><subfield code="2">jurivoc</subfield></datafield><datafield ind1=" " ind2="7" tag="650"><subfield code="a">Haftung aus unerlaubter Handlung</subfield><subfield code="9">ger</subfield><subfield code="0">(RERO)jurivoc000010690ger</subfield><subfield code="2">jurivoc</subfield></datafield><datafield ind1=" " ind2="7" tag="650"><subfield code="a">juristische Datenverarbeitung</subfield><subfield code="9">ger</subfield><subfield code="0">(RERO)jurivoc000012268ger</subfield><subfield code="2">jurivoc</subfield></datafield><datafield ind1=" " ind2="7" tag="650"><subfield code="a">privatrechtliche Haftung</subfield><subfield code="9">ger</subfield><subfield code="0">(RERO)jurivoc000017692ger</subfield><subfield code="2">jurivoc</subfield></datafield><datafield ind1=" " ind2="7" tag="650"><subfield code="a">Staatsorganisation und Verwaltung</subfield><subfield code="9">ger</subfield><subfield code="0">(RERO)jurivoc000021182ger</subfield><subfield code="2">jurivoc</subfield></datafield><datafield ind1=" " ind2="7" tag="650"><subfield code="a">Steuer</subfield><subfield code="9">ger</subfield><subfield code="0">(RERO)jurivoc000021368ger</subfield><subfield code="2">jurivoc</subfield></datafield><datafield ind1=" " ind2="7" tag="650"><subfield code="a">Verfassungsrecht</subfield><subfield code="9">ger</subfield><subfield code="0">(RERO)jurivoc000024431ger</subfield><subfield code="2">jurivoc</subfield></datafield><datafield ind1=" " ind2="7" tag="650"><subfield code="a">information juridique</subfield><subfield code="0">(RERO)A010098648</subfield><subfield code="2">rerovoc</subfield></datafield><datafield ind1=" " ind2="7" tag="650"><subfield code="a">Datenschutz</subfield><subfield code="0">(DE-STW)15604-0</subfield><subfield code="2">stw</subfield></datafield><datafield ind1=" " ind2="7" tag="651"><subfield code="a">Schweiz</subfield><subfield code="0">(DE-588)4053881-3</subfield><subfield code="2">gnd</subfield></datafield><datafield ind1=" " ind2="7" tag="651"><subfield code="a">Suisse</subfield><subfield code="0">(IDREF)027249654</subfield><subfield code="2">idref</subfield></datafield><datafield ind1=" " ind2="7" tag="651"><subfield code="a">Schweiz</subfield><subfield code="2">idszbz</subfield></datafield><datafield ind1=" " ind2="7" tag="651"><subfield code="a">Schweiz</subfield><subfield code="9">ger</subfield><subfield code="0">(RERO)jurivoc000019912ger</subfield><subfield code="2">jurivoc</subfield></datafield><datafield ind1=" " ind2="7" tag="655"><subfield code="a">Konferenzschrift</subfield><subfield code="z">Zürich</subfield><subfield code="y">1989</subfield><subfield code="2">gnd-content</subfield></datafield><datafield ind1=" " ind2="7" tag="655"><subfield code="a">Actes de congrès</subfield><subfield code="0">(IDREF)02886431X</subfield><subfield code="2">idref</subfield></datafield><datafield ind1=" " ind2="7" tag="655"><subfield code="a">Aufsatzsammlung</subfield><subfield code="2">idszbz</subfield></datafield><datafield ind1=" " ind2=" " tag="690"><subfield code="a">Rechtsinformatik</subfield><subfield code="2">uzb-Z6</subfield></datafield><datafield ind1=" " ind2=" " tag="690"><subfield code="a">K.5</subfield><subfield code="d">LEGAL ASPECTS OF COMPUTING</subfield><subfield code="2">uzb-UM</subfield></datafield><datafield ind1=" " ind2=" " tag="691"><subfield code="e">PC 60.1 CH</subfield><subfield code="2">rzs-L1</subfield></datafield><datafield ind1="1" ind2=" " tag="700"><subfield code="a">Bauknecht, Kurt</subfield></datafield><datafield ind1="1" ind2=" " tag="700"><subfield code="a">Forstmoser, Peter</subfield><subfield code="d">1943-</subfield><subfield code="0">(DE-588)124468292</subfield></datafield><datafield ind1="1" ind2=" " tag="700"><subfield code="a">Zehnder, Carl August</subfield><subfield code="d">1937-</subfield><subfield code="0">(DE-588)136595332</subfield></datafield><datafield ind1="1" ind2=" " tag="700"><subfield code="a">Schweizer, Rainer J.</subfield><subfield code="d">1943-</subfield><subfield code="0">(DE-588)171702190</subfield><subfield code="6">880-05</subfield></datafield><datafield ind1="1" ind2=" " tag="880"><subfield code="6">700-05</subfield><subfield code="a">Schweizer, Rainer J.</subfield><subfield code="d">1943-....</subfield><subfield code="0">(IDREF)256735379</subfield></datafield><datafield ind1="2" ind2=" " tag="710"><subfield code="a">Schweizerischer Bürofach-Verband</subfield><subfield code="0">(DE-588)5064780-5</subfield></datafield><datafield ind1="2" ind2=" " tag="710"><subfield code="a">Association suisse pour l'informatique</subfield><subfield code="b">Tagung</subfield><subfield code="d">1989</subfield><subfield code="c">Zürich</subfield><subfield code="0">(RERO)A012421997</subfield></datafield><datafield ind1="2" ind2=" " tag="710"><subfield code="a">Association économique suisse de la bureautique, de l'informatique, de la télématique et de l'organisation</subfield><subfield code="0">(RERO)A000013289</subfield></datafield><datafield ind1="2" ind2=" " tag="710"><subfield code="a">Schweizerische Vereinigung für Datenverarbeitung</subfield><subfield code="0">(DE-588)1049031-0</subfield></datafield><datafield ind1="2" ind2=" " tag="710"><subfield code="a">Schweizerische Vereinigung für Datenverarbeitung</subfield><subfield code="b">Tagung</subfield><subfield code="0">(DE-588)1086941985</subfield></datafield><datafield ind1="2" ind2=" " tag="710"><subfield code="a">Schweizerischer Bürofach-Verband</subfield><subfield code="b">Tagung</subfield><subfield code="d">1989</subfield><subfield code="c">Zürich</subfield><subfield code="0">(RERO)A012421998</subfield><subfield code="6">880-07</subfield></datafield><datafield ind1="2" ind2=" " tag="880"><subfield code="a">Schweizerischer Bürofach-Verband</subfield><subfield code="b">Tagung</subfield><subfield code="0">(DE-588)1085820815</subfield><subfield code="6">710-07</subfield></datafield><datafield ind1="2" ind2=" " tag="710"><subfield code="a">SWICO</subfield><subfield code="0">(DE-588)1086345118</subfield></datafield><datafield ind1="2" ind2=" " tag="711"><subfield code="a">Tagung über Ausgewählte Rechtsfragen des Informatikeinsatzes</subfield><subfield code="d">1989</subfield><subfield code="c">Zürich</subfield><subfield code="0">(DE-588)1091291837</subfield></datafield><datafield ind1="2" ind2=" " tag="711"><subfield code="a">SVD/Büfa-Tagung</subfield><subfield code="d">1989</subfield><subfield code="c">Zürich</subfield><subfield code="0">(DE-588)1091363889</subfield></datafield><datafield ind1=" " ind2="0" tag="830"><subfield code="a">Computer und Recht</subfield><subfield code="v">23</subfield><subfield code="w">(IDSBB)000015745DSV01</subfield></datafield><datafield ind1=" " ind2=" " tag="900"><subfield code="a">IDSZ1ZH</subfield></datafield></record>
</metadata></record>