<record><header><identifier>oai:alma.41SLSP_UGE:991000031129705502</identifier><datestamp>2023-03-01T01:09:05Z</datestamp><setSpec>uge_bcen_RapidILL_BOOK</setSpec><setSpec>uge_aaca_RapidILL_BOOK</setSpec><setSpec>uge_abels_RapidILL_BOOK</setSpec><setSpec>uge_dbu_RapidILL_BOOK</setSpec><setSpec>uge_cmu_RapidILL_BOOK</setSpec><setSpec>uge_mail_RapidILL_BOOK</setSpec><setSpec>UNIGE_ALL</setSpec><setSpec>uge_abbat_RapidILL_BOOK</setSpec><setSpec>uge_aobs_RapidILL_BOOK</setSpec><setSpec>uge_acar_RapidILL_BOOK</setSpec></header><metadata>
<record xmlns="http://www.loc.gov/MARC21/slim" xmlns:xsi="http://www.w3.org/2001/XMLSchema-instance" xsi:schemaLocation="http://www.loc.gov/MARC21/slim http://www.loc.gov/standards/marcxml/schema/MARC21slim.xsd"><leader>01105nam a2200289 c 4500</leader><controlfield tag="001">991000031129705502</controlfield><controlfield tag="005">20201222233914.0</controlfield><controlfield tag="008">900119s1983    sz ||||| |||| 00| ||fre d</controlfield><datafield ind1=" " ind2=" " tag="035"><subfield code="a">(swissbib)084364122-41slsp_network</subfield></datafield><datafield ind1=" " ind2=" " tag="035"><subfield code="a">084364122</subfield><subfield code="9">ExL</subfield></datafield><datafield ind1=" " ind2=" " tag="035"><subfield code="a">(RERO)1197863-41slsp</subfield></datafield><datafield ind1=" " ind2=" " tag="035"><subfield code="a">(EXLNZ-41SLSP_NETWORK)991143580689705501</subfield></datafield><datafield ind1=" " ind2=" " tag="040"><subfield code="a">RERO geubfd</subfield><subfield code="d">CH-ZuSLS</subfield></datafield><datafield ind1=" " ind2=" " tag="044"><subfield code="a">sz</subfield><subfield code="c">ch-ge</subfield></datafield><datafield ind1=" " ind2="7" tag="072"><subfield code="a">dr</subfield><subfield code="2">rero</subfield></datafield><datafield ind1=" " ind2=" " tag="084"><subfield code="a">D 18.2 i</subfield><subfield code="2">cjurrom</subfield></datafield><datafield ind1="1" ind2=" " tag="100"><subfield code="a">Malinverni, Giorgio</subfield><subfield code="d">1941-....</subfield><subfield code="0">(IDREF)027004287</subfield><subfield code="4">cre</subfield></datafield><datafield ind1="1" ind2="0" tag="245"><subfield code="a">&lt;&lt;La&gt;&gt; convention européenne des droits de l'homme</subfield><subfield code="b">les droits et libertés garantis</subfield><subfield code="c">par Giorgio Malinverni.</subfield><subfield code="n">6</subfield><subfield code="p">La présomption d'innocence (art. 6 al. 2)</subfield></datafield><datafield ind1=" " ind2="1" tag="264"><subfield code="a">Genève</subfield><subfield code="b">F.J.S.</subfield><subfield code="c">[1983?]</subfield></datafield><datafield ind1=" " ind2=" " tag="300"><subfield code="a">1 fiche (5 p.)</subfield><subfield code="c">25 cm</subfield></datafield><datafield ind1=" " ind2=" " tag="336"><subfield code="b">txt</subfield><subfield code="2">rdacontent</subfield></datafield><datafield ind1=" " ind2=" " tag="337"><subfield code="b">n</subfield><subfield code="2">rdamedia</subfield></datafield><datafield ind1=" " ind2=" " tag="338"><subfield code="b">nc</subfield><subfield code="2">rdacarrier</subfield></datafield><datafield ind1="1" ind2=" " tag="490"><subfield code="a">Fiches juridiques suisses</subfield><subfield code="v">1375</subfield></datafield><datafield ind1=" " ind2=" " tag="500"><subfield code="a">Mise au point : 1er juin 1983</subfield></datafield><datafield ind1="1" ind2=" " tag="800"><subfield code="a">Malinverni, Giorgio</subfield><subfield code="t">&lt;&lt;La&gt;&gt; convention européenne des droits de l'homme</subfield><subfield code="v">6</subfield><subfield code="w">(RERO)1197829-41slsp</subfield></datafield><datafield ind1=" " ind2=" " tag="830"><subfield code="a">Fiches juridiques suisses</subfield><subfield code="v">1375</subfield><subfield code="w">(RERO)0056021-41slsp</subfield></datafield><datafield ind1=" " ind2=" " tag="900"><subfield code="a">REROnoselfmerge</subfield></datafield></record>
</metadata></record>