<record><header><identifier>oai:alma.41SLSP_UGE:991000031339705502</identifier><datestamp>2023-06-20T00:26:07Z</datestamp><setSpec>uge_bcen_RapidILL_BOOK</setSpec><setSpec>uge_aaca_RapidILL_BOOK</setSpec><setSpec>uge_abels_RapidILL_BOOK</setSpec><setSpec>uge_dbu_RapidILL_BOOK</setSpec><setSpec>uge_cmu_RapidILL_BOOK</setSpec><setSpec>uge_mail_RapidILL_BOOK</setSpec><setSpec>uge_abbat_RapidILL_BOOK</setSpec><setSpec>UNIGE_ALL</setSpec><setSpec>uge_aobs_RapidILL_BOOK</setSpec><setSpec>uge_acar_RapidILL_BOOK</setSpec></header><metadata>
<record xmlns="http://www.loc.gov/MARC21/slim" xmlns:xsi="http://www.w3.org/2001/XMLSchema-instance" xsi:schemaLocation="http://www.loc.gov/MARC21/slim http://www.loc.gov/standards/marcxml/schema/MARC21slim.xsd"><leader>05214nam a2200577 c 4500</leader><controlfield tag="001">991000031339705502</controlfield><controlfield tag="005">20230619204220.0</controlfield><controlfield tag="008">201012s2013    xxk||||| |||| 10| ||eng d</controlfield><datafield ind1=" " ind2=" " tag="010"><subfield code="a">2012034657</subfield></datafield><datafield ind1=" " ind2=" " tag="015"><subfield code="a">GBB297325</subfield><subfield code="2">bnb</subfield></datafield><datafield ind1=" " ind2=" " tag="020"><subfield code="a">9781848720909</subfield><subfield code="q">hbk.</subfield></datafield><datafield ind1=" " ind2=" " tag="020"><subfield code="a">9781848721364</subfield><subfield code="q">pbk.</subfield></datafield><datafield ind1=" " ind2=" " tag="035"><subfield code="a">(swissbib)238390128-41slsp_network</subfield></datafield><datafield ind1=" " ind2=" " tag="035"><subfield code="a">238390128</subfield><subfield code="9">ExL</subfield></datafield><datafield ind1=" " ind2=" " tag="035"><subfield code="a">(RERO)R007183295-41slsp</subfield></datafield><datafield ind1=" " ind2=" " tag="035"><subfield code="a">(IDSBB)006081407DSV01</subfield></datafield><datafield ind1=" " ind2=" " tag="035"><subfield code="a">(NEBIS)007549914EBI01</subfield></datafield><datafield ind1=" " ind2=" " tag="035"><subfield code="a">(OCoLC)730404041</subfield></datafield><datafield ind1=" " ind2=" " tag="035"><subfield code="a">(OCoLC)811734730</subfield></datafield><datafield ind1=" " ind2=" " tag="035"><subfield code="a">(EXLNZ-41SLSP_NETWORK)991066921629705501</subfield></datafield><datafield ind1=" " ind2=" " tag="040"><subfield code="a">DLC</subfield><subfield code="d">CH-ZuSLS</subfield></datafield><datafield ind1=" " ind2=" " tag="050"><subfield code="a">BF511</subfield><subfield code="b">.C43 2013</subfield></datafield><datafield ind1=" " ind2="7" tag="072"><subfield code="a">ps</subfield><subfield code="2">rero</subfield></datafield><datafield ind1=" " ind2="7" tag="072"><subfield code="a">ps</subfield><subfield code="2">SzZuIDS BS/BE</subfield></datafield><datafield ind1="0" ind2="4" tag="082"><subfield code="a">152.4</subfield><subfield code="2">23</subfield></datafield><datafield ind1="1" ind2="4" tag="082"><subfield code="a">150</subfield><subfield code="2">15</subfield></datafield><datafield ind1="0" ind2="0" tag="245"><subfield code="a">Changing emotions</subfield><subfield code="c">ed. by Dirk Hermans, Bernard Rimé, and Batja Mesquita</subfield></datafield><datafield ind1=" " ind2="1" tag="264"><subfield code="a">London</subfield><subfield code="b">Psychology Press</subfield><subfield code="c">2013</subfield></datafield><datafield ind1=" " ind2=" " tag="300"><subfield code="a">XIII, 236 S.</subfield><subfield code="b">graph. Darst.</subfield></datafield><datafield ind1=" " ind2=" " tag="336"><subfield code="b">txt</subfield><subfield code="2">rdacontent</subfield></datafield><datafield ind1=" " ind2=" " tag="337"><subfield code="b">n</subfield><subfield code="2">rdamedia</subfield></datafield><datafield ind1=" " ind2=" " tag="338"><subfield code="b">nc</subfield><subfield code="2">rdacarrier</subfield></datafield><datafield ind1=" " ind2=" " tag="500"><subfield code="a">Proceedings of the contactforum &quot;Changing Emotions&quot; (October 23, 2009)</subfield></datafield><datafield ind1=" " ind2=" " tag="500"><subfield code="a">One-day conference on &quot;Changing Emotions&quot; in Brussels</subfield></datafield><datafield ind1=" " ind2=" " tag="504"><subfield code="a">Bibliogr.: p. 228-229</subfield></datafield><datafield ind1="0" ind2=" " tag="505"><subfield code="a">Preface / Les Greenberg -- Introduction / Dirk Hermans, Bernard Rim &amp; Batja Mesquita -- How kids keep their cool : young children's use of cognitive strategies to regulate emotion / Linda Levine, Robin L. Kaplan &amp; Davis -- Defining and regulating the self through emotion narratives / Robyn Fivush -- Age-related changes in empathy-related responding / Nancy Eisenberg, Tracy Spinrad &amp; Jennifer Betkowski -- Children's expressive behavior in different cultural contexts / Linda Camras &amp; Michael Shuster -- Age differences in emotional experience and regulation / Tammy English &amp; Laura L. Carstensen -- Changing the neural mechanism in of emotion regulation in children with behavior problems / Marc Lewis &amp; Woltering -- Individual differences in the acquisition of fears / Susan Mineka -- Extinction learning and its retrieval / Michelle Craske &amp; Bram Vervliet -- Mechanisms of extinction in emotional regulation / James Byron Nelson -- Generalization as a basis for emotional change : perceptual and non-perceptual processes / Dirk Hermans &amp; Frank Baeyens -- Learning mechanisms in the acquisition and maintenance of disgust / Peter J. de Jong -- Preclinical analysis of developmental transitions in the extinction of learned fear : from infancy through adolescence to adulthood / Richard Richardson, Bridget Callaghan, &amp; Stella Li -- Can socially sharing emotions change emotions? / Bernard Rim -- Froup-based appraisals to group-based emotions : the key role of social interactions / Vincent Yzerbyt &amp; Toon Kuppens -- Couples emotion and emotion regulation / Robert W. Levenson &amp; Loren M. McCarter -- Emotional climate / Dario Paez, Augustin Espinosa &amp; Magdalena Bobowik -- Dynamics of ideal affect / Jeanne Tsai -- Emotional acculturation / Jozefien Deleersnyder &amp; Batja Mesquita -- Emotion regulation : two souls in one breast / Nico H. Frijda -- Understanding emotion change requires understanding emotion causation / Agnes Moors -- Learning to self-generate positive emotions / Barbara L. Fredrickson -- The role of control in emotion, emotion regulation and empathy / Kevin Ochsner -- What time can tell us: the temporal dynamics of emotion regulation / Ravi Thiruchselvam &amp; James J. Gross -- The duration of emotional episodes / Iven Van Mechelen, Philippe Verduyn, &amp; Karen Brans -- Can expressive writing change emotions? an oblique answer to a misguided question / James W. Pennebaker -- The powerful impact of mental imagery in changing emotions / Emily A Holmes &amp; Arnaud Pictet -- Cognitive mechanisms involved in therapeutic change for depression : reducing abstraction and increasing specificity / Ed Watkins -- A functional approach to the study of human emotion : the centrality of relational/propositional processes / Dermot Barnes-Holmes &amp; Sean Hughes -- Self-regulation as a mediator of change in psychotherapy / Timothy J. Strauman, Megan C. Klenk, &amp; Kari M. Eddington -- Mindfulness-based interventions : the dialectic of changing emotion by accepting them / Pierre Philippot &amp; Alexandre Heeren</subfield></datafield><datafield ind1=" " ind2="0" tag="650"><subfield code="a">Emotions</subfield></datafield><datafield ind1=" " ind2="7" tag="650"><subfield code="a">Émotions</subfield><subfield code="0">(IDREF)027387402</subfield><subfield code="2">idref</subfield></datafield><datafield ind1=" " ind2="7" tag="650"><subfield code="a">Gefühl</subfield><subfield code="0">(DE-588)4019702-5</subfield><subfield code="2">gnd</subfield></datafield><datafield ind1=" " ind2="7" tag="650"><subfield code="a">Änderung</subfield><subfield code="0">(DE-588)4128256-5</subfield><subfield code="2">gnd</subfield></datafield><datafield ind1=" " ind2="7" tag="650"><subfield code="a">Emotionales Verhalten</subfield><subfield code="0">(DE-588)4152089-0</subfield><subfield code="2">gnd</subfield></datafield><datafield ind1=" " ind2="7" tag="650"><subfield code="a">Selbstregulation</subfield><subfield code="0">(DE-588)4236708-6</subfield><subfield code="2">gnd</subfield></datafield><datafield ind1=" " ind2="7" tag="650"><subfield code="a">Gefühlstheorie</subfield><subfield code="0">(DE-588)4156273-2</subfield><subfield code="2">gnd</subfield></datafield><datafield ind1=" " ind2="7" tag="650"><subfield code="a">Affektivität</subfield><subfield code="0">(DE-588)4141555-3</subfield><subfield code="2">gnd</subfield></datafield><datafield ind1=" " ind2="7" tag="655"><subfield code="a">Actes de congrès</subfield><subfield code="0">(IDREF)02886431X</subfield><subfield code="2">idref</subfield></datafield><datafield ind1=" " ind2="7" tag="655"><subfield code="a">Konferenzschrift</subfield><subfield code="z">Brüssel</subfield><subfield code="y">2009</subfield><subfield code="2">gnd-content</subfield></datafield><datafield ind1=" " ind2="7" tag="655"><subfield code="a">Konferenzschrift</subfield><subfield code="2">gnd-content</subfield></datafield><datafield ind1=" " ind2="7" tag="655"><subfield code="a">Konferenzschrift</subfield><subfield code="z">Bruxelles</subfield><subfield code="y">2009</subfield><subfield code="2">gnd-content</subfield></datafield><datafield ind1="1" ind2=" " tag="700"><subfield code="a">Hermans, Dirk</subfield><subfield code="d">19..-....</subfield><subfield code="0">(IDREF)083177884</subfield></datafield><datafield ind1="4" ind2=" " tag="856"><subfield code="3">Titelblatt und Inhaltsverzeichnis</subfield><subfield code="u">https://toc.library.ethz.ch/objects/pdf03/z01_978-1-84872-090-9_01.pdf</subfield><subfield code="q">pdf</subfield></datafield><datafield ind1=" " ind2=" " tag="900"><subfield code="a">IDSZ2zbzmon201304f</subfield><subfield code="c">IDSZ2ehra</subfield><subfield code="d">IDSZ2zbzswk201305b</subfield><subfield code="e">IDSZ2baie</subfield></datafield><datafield ind1=" " ind2=" " tag="949"><subfield code="a">https://toc.library.ethz.ch/objects/pdf03/z01_978-1-84872-090-9_01.pdf</subfield></datafield></record>
</metadata></record>