<record><header><identifier>oai:alma.41SLSP_UGE:991000031569705502</identifier><datestamp>2024-03-09T01:41:45Z</datestamp><setSpec>uge_bcen_RapidILL_BOOK</setSpec><setSpec>uge_aaca_RapidILL_BOOK</setSpec><setSpec>uge_abels_RapidILL_BOOK</setSpec><setSpec>uge_dbu_RapidILL_BOOK</setSpec><setSpec>uge_cmu_RapidILL_BOOK</setSpec><setSpec>uge_mail_RapidILL_BOOK</setSpec><setSpec>uge_abbat_RapidILL_BOOK</setSpec><setSpec>UNIGE_ALL</setSpec><setSpec>uge_acar_RapidILL_BOOK</setSpec><setSpec>uge_aobs_RapidILL_BOOK</setSpec></header><metadata>
<record xmlns="http://www.loc.gov/MARC21/slim" xmlns:xsi="http://www.w3.org/2001/XMLSchema-instance" xsi:schemaLocation="http://www.loc.gov/MARC21/slim http://www.loc.gov/standards/marcxml/schema/MARC21slim.xsd"><leader>03239nam a2200793 c 4500</leader><controlfield tag="001">991000031569705502</controlfield><controlfield tag="005">20240308054131.0</controlfield><controlfield tag="008">201012t19981998sz ||||| |||| 00| ||ger d</controlfield><datafield ind1=" " ind2=" " tag="015"><subfield code="a">98,N32,0750</subfield></datafield><datafield ind1=" " ind2=" " tag="020"><subfield code="a">325805679X</subfield><subfield code="q">Gb.</subfield></datafield><datafield ind1=" " ind2=" " tag="035"><subfield code="a">(swissbib)235694487-41slsp_network</subfield></datafield><datafield ind1=" " ind2=" " tag="035"><subfield code="a">235694487</subfield><subfield code="9">ExL</subfield></datafield><datafield ind1=" " ind2=" " tag="035"><subfield code="a">(RERO)R238546760-41slsp</subfield></datafield><datafield ind1=" " ind2=" " tag="035"><subfield code="a">(NEBIS)001964925EBI01</subfield></datafield><datafield ind1=" " ind2=" " tag="035"><subfield code="a">(IDSBB)001562590DSV01</subfield></datafield><datafield ind1=" " ind2=" " tag="035"><subfield code="a">(IDSLU)000124892ILU01</subfield></datafield><datafield ind1=" " ind2=" " tag="035"><subfield code="a">(ABN)000095902ABN01</subfield></datafield><datafield ind1=" " ind2=" " tag="035"><subfield code="a">(EXLNZ-41SLSP_NETWORK)991149217679705501</subfield></datafield><datafield ind1=" " ind2=" " tag="040"><subfield code="a">RERO nebpun</subfield><subfield code="d">CH-ZuSLS</subfield></datafield><datafield ind1=" " ind2=" " tag="044"><subfield code="a">sz</subfield><subfield code="c">ch-be</subfield></datafield><datafield ind1=" " ind2="7" tag="072"><subfield code="a">al</subfield><subfield code="2">rero</subfield></datafield><datafield ind1=" " ind2="7" tag="072"><subfield code="a">nd</subfield><subfield code="2">SzZuIDS BS/BE</subfield></datafield><datafield ind1=" " ind2="7" tag="072"><subfield code="a">592</subfield><subfield code="2">IDS LU</subfield></datafield><datafield ind1="0" ind2="4" tag="082"><subfield code="a">836.8</subfield></datafield><datafield ind1="0" ind2="4" tag="082"><subfield code="a">836.7</subfield></datafield><datafield ind1="1" ind2="4" tag="082"><subfield code="a">838.91209</subfield><subfield code="2">21</subfield></datafield><datafield ind1="1" ind2="4" tag="082"><subfield code="a">830</subfield><subfield code="2">15</subfield></datafield><datafield ind1=" " ind2=" " tag="084"><subfield code="a">GM 5822</subfield><subfield code="2">rvk</subfield></datafield><datafield ind1=" " ind2=" " tag="084"><subfield code="a">GM 6926</subfield><subfield code="2">rvk</subfield></datafield><datafield ind1="1" ind2=" " tag="100"><subfield code="6">880-01</subfield><subfield code="a">Spitteler, Carl</subfield><subfield code="d">1845-1924</subfield><subfield code="0">(IDREF)027146480</subfield><subfield code="4">cre</subfield></datafield><datafield ind1="1" ind2=" " tag="880"><subfield code="a">Spitteler, Carl</subfield><subfield code="d">1845-1924</subfield><subfield code="0">(DE-588)118616277</subfield><subfield code="6">100-01</subfield></datafield><datafield ind1="1" ind2="0" tag="245"><subfield code="a">Carl Spitteler, Joseph Viktor Widmann</subfield><subfield code="b">Briefwechsel</subfield><subfield code="c">hrsg. von Werner Stauffacher</subfield></datafield><datafield ind1=" " ind2="1" tag="264"><subfield code="a">Bern</subfield><subfield code="a">Stuttgart [etc.]</subfield><subfield code="b">P. Haupt</subfield><subfield code="c">[1998]</subfield></datafield><datafield ind1=" " ind2="4" tag="264"><subfield code="c">© 1998</subfield></datafield><datafield ind1=" " ind2=" " tag="300"><subfield code="a">782 p.</subfield><subfield code="b">portr., fac-sim.</subfield><subfield code="c">22 cm</subfield></datafield><datafield ind1=" " ind2=" " tag="336"><subfield code="b">txt</subfield><subfield code="2">rdacontent</subfield></datafield><datafield ind1=" " ind2=" " tag="337"><subfield code="b">n</subfield><subfield code="2">rdamedia</subfield></datafield><datafield ind1=" " ind2=" " tag="338"><subfield code="b">nc</subfield><subfield code="2">rdacarrier</subfield></datafield><datafield ind1="1" ind2=" " tag="490"><subfield code="a">Schweizer Texte. Neue Folge</subfield><subfield code="v">Bd. 11</subfield></datafield><datafield ind1="1" ind2="7" tag="600"><subfield code="a">Spitteler, Carl</subfield><subfield code="d">1845-1924</subfield><subfield code="0">(IDREF)027146480</subfield><subfield code="2">idref</subfield></datafield><datafield ind1="1" ind2="7" tag="600"><subfield code="a">Widmann, Josef Viktor</subfield><subfield code="0">(RERO)A010167372</subfield><subfield code="2">rero</subfield></datafield><datafield ind1="1" ind2="7" tag="600"><subfield code="a">Spitteler, Carl</subfield><subfield code="2">idszbz</subfield></datafield><datafield ind1="1" ind2="7" tag="600"><subfield code="a">Widmann, Joseph V</subfield><subfield code="2">idszbz</subfield></datafield><datafield ind1="1" ind2="7" tag="600"><subfield code="a">Spitteler, Carl</subfield><subfield code="d">1845-1924</subfield><subfield code="0">(DE-588)118616277</subfield><subfield code="2">gnd</subfield></datafield><datafield ind1="1" ind2="7" tag="600"><subfield code="a">Widmann, Joseph Viktor</subfield><subfield code="d">1842-1911</subfield><subfield code="0">(DE-588)118632302</subfield><subfield code="2">gnd</subfield></datafield><datafield ind1="1" ind2="0" tag="600"><subfield code="a">Spitteler, Carl</subfield><subfield code="d">1845-1924</subfield><subfield code="v">Correspondence</subfield></datafield><datafield ind1="1" ind2="0" tag="600"><subfield code="a">Widmann, Joseph Viktor</subfield><subfield code="d">1842-1911</subfield><subfield code="v">Correspondence</subfield></datafield><datafield ind1=" " ind2="0" tag="650"><subfield code="a">Authors, Swiss</subfield><subfield code="y">19th century</subfield><subfield code="v">Correspondence</subfield></datafield><datafield ind1=" " ind2="7" tag="655"><subfield code="a">Correspondance</subfield><subfield code="0">(IDREF)027490122</subfield><subfield code="2">idref</subfield></datafield><datafield ind1=" " ind2="7" tag="655"><subfield code="a">Briefsammlung</subfield><subfield code="2">idszbz</subfield></datafield><datafield ind1=" " ind2="7" tag="655"><subfield code="a">Briefsammlung</subfield><subfield code="2">gnd-content</subfield></datafield><datafield ind1=" " ind2=" " tag="690"><subfield code="a">Spitteler, Carl</subfield><subfield code="2">ubs-AC</subfield></datafield><datafield ind1=" " ind2=" " tag="690"><subfield code="a">Widmann, Josef Viktor</subfield><subfield code="2">ubs-AC</subfield></datafield><datafield ind1=" " ind2=" " tag="690"><subfield code="a">Widmann, Josef Viktor (1842-1911), Korrespondenz Spitteler</subfield><subfield code="2">ube-BD</subfield></datafield><datafield ind1=" " ind2=" " tag="690"><subfield code="a">Spitteler, Carl (1845-1924), Korrespondenz Widmann</subfield><subfield code="2">ube-BD</subfield></datafield><datafield ind1=" " ind2=" " tag="690"><subfield code="a">Literaturkritik, 19.-20. Jh., Widmann, Josef Viktor, Korrespondenz Spitteler</subfield><subfield code="2">ube-BE</subfield></datafield><datafield ind1=" " ind2=" " tag="690"><subfield code="a">Spitteler, Carl &amp; Widmann, Joseph Viktor, B: Briefe. Sammlung</subfield><subfield code="2">rzs-L1</subfield></datafield><datafield ind1=" " ind2=" " tag="690"><subfield code="a">Widmann, Joseph Viktor &amp; Spitteler, Carl, B: Briefe. Sammlung</subfield><subfield code="2">rzs-L1</subfield></datafield><datafield ind1=" " ind2=" " tag="690"><subfield code="a">Briefe Sammlung, B: Spitteler, Carl &amp; Widmann, Joseph Viktor</subfield><subfield code="2">rzs-L1</subfield></datafield><datafield ind1=" " ind2=" " tag="690"><subfield code="a">Briefe Sammlung, B: Widmann, Joseph Viktor &amp; Spitteler, Carl</subfield><subfield code="2">rzs-L1</subfield></datafield><datafield ind1=" " ind2=" " tag="691"><subfield code="e">4.1.2.2</subfield><subfield code="2">ubs-FA</subfield></datafield><datafield ind1=" " ind2=" " tag="691"><subfield code="e">2.13.1.1 Widmann, Joseph Viktor (1842-1911)</subfield><subfield code="2">ube-GA</subfield></datafield><datafield ind1=" " ind2=" " tag="691"><subfield code="e">2.4.2.1 Spitteler, Carl (1845-1924)</subfield><subfield code="2">ube-GA</subfield></datafield><datafield ind1="1" ind2=" " tag="700"><subfield code="a">Widmann, Joseph Viktor</subfield><subfield code="d">1842-1911</subfield><subfield code="0">(DE-588)118632302</subfield></datafield><datafield ind1="1" ind2=" " tag="700"><subfield code="a">Widmann, Josef Viktor</subfield><subfield code="0">(IDREF)256928185</subfield></datafield><datafield ind1="1" ind2=" " tag="700"><subfield code="a">Stauffacher, Werner</subfield><subfield code="d">1921-....</subfield><subfield code="0">(IDREF)031586899</subfield></datafield><datafield ind1=" " ind2=" " tag="830"><subfield code="a">Schweizer Texte</subfield><subfield code="v">11</subfield><subfield code="w">(NEBIS)001481442EBI01</subfield></datafield><datafield ind1=" " ind2=" " tag="830"><subfield code="a">Schweizer Texte</subfield><subfield code="p">Neue Folge</subfield><subfield code="v">11</subfield><subfield code="w">(IDSBB)000958183DSV01</subfield></datafield><datafield ind1=" " ind2=" " tag="830"><subfield code="a">Schweizer Texte</subfield><subfield code="p">Neue Folge</subfield><subfield code="v">11</subfield><subfield code="w">(IDSLU)000133618ILU01</subfield></datafield><datafield ind1=" " ind2=" " tag="900"><subfield code="a">REROnoselfmerge</subfield></datafield></record>
</metadata></record>