<record><header><identifier>oai:alma.41SLSP_UGE:991000031049705502</identifier><datestamp>2024-03-09T01:36:36Z</datestamp><setSpec>uge_bcen_RapidILL_BOOK</setSpec><setSpec>uge_aaca_RapidILL_BOOK</setSpec><setSpec>uge_abels_RapidILL_BOOK</setSpec><setSpec>uge_dbu_RapidILL_BOOK</setSpec><setSpec>uge_cmu_RapidILL_BOOK</setSpec><setSpec>uge_mail_RapidILL_BOOK</setSpec><setSpec>uge_abbat_RapidILL_BOOK</setSpec><setSpec>UNIGE_ALL</setSpec><setSpec>uge_acar_RapidILL_BOOK</setSpec><setSpec>uge_aobs_RapidILL_BOOK</setSpec></header><metadata>
<record xmlns="http://www.loc.gov/MARC21/slim" xmlns:xsi="http://www.w3.org/2001/XMLSchema-instance" xsi:schemaLocation="http://www.loc.gov/MARC21/slim http://www.loc.gov/standards/marcxml/schema/MARC21slim.xsd"><leader>02047nam a2200577 c 4500</leader><controlfield tag="001">991000031049705502</controlfield><controlfield tag="005">20240308052005.0</controlfield><controlfield tag="008">201012s2014    gw            00| | ger|d</controlfield><datafield ind1=" " ind2=" " tag="015"><subfield code="a">13,N40</subfield><subfield code="2">dnb</subfield></datafield><datafield ind1=" " ind2=" " tag="015"><subfield code="a">14,A10</subfield><subfield code="z">13,N40</subfield><subfield code="2">dnb</subfield></datafield><datafield ind1=" " ind2=" " tag="020"><subfield code="a">9783650400093</subfield><subfield code="c">EUR 39.90</subfield></datafield><datafield ind1=" " ind2=" " tag="035"><subfield code="a">(swissbib)235895970-41slsp_network</subfield></datafield><datafield ind1=" " ind2=" " tag="035"><subfield code="a">235895970</subfield><subfield code="9">ExL</subfield></datafield><datafield ind1=" " ind2=" " tag="035"><subfield code="a">(IDSLU)001138226ILU01</subfield></datafield><datafield ind1=" " ind2=" " tag="035"><subfield code="a">(NEBIS)010113970EBI01</subfield></datafield><datafield ind1=" " ind2=" " tag="035"><subfield code="a">(RERO)R007771250-41slsp</subfield></datafield><datafield ind1=" " ind2=" " tag="035"><subfield code="a">(OCoLC)864597175</subfield></datafield><datafield ind1=" " ind2=" " tag="035"><subfield code="a">(ABN)000741469ABN01</subfield></datafield><datafield ind1=" " ind2=" " tag="035"><subfield code="a">(EXLNZ-41SLSP_NETWORK)991101381349705501</subfield></datafield><datafield ind1=" " ind2=" " tag="040"><subfield code="a">DEBSZ</subfield><subfield code="e">kids</subfield><subfield code="d">CH-ZuSLS</subfield></datafield><datafield ind1=" " ind2="7" tag="072"><subfield code="a">780</subfield><subfield code="2">IDS LU</subfield></datafield><datafield ind1=" " ind2="7" tag="072"><subfield code="a">th</subfield><subfield code="2">rero</subfield></datafield><datafield ind1="0" ind2="4" tag="082"><subfield code="a">200</subfield></datafield><datafield ind1=" " ind2=" " tag="084"><subfield code="a">BO 5390</subfield><subfield code="2">rvk</subfield></datafield><datafield ind1=" " ind2=" " tag="084"><subfield code="a">200</subfield><subfield code="2">sdnb</subfield></datafield><datafield ind1=" " ind2=" " tag="084"><subfield code="a">230</subfield><subfield code="a">940</subfield><subfield code="2">sdnb</subfield></datafield><datafield ind1="0" ind2="0" tag="245"><subfield code="a">Reformatorenlexikon</subfield><subfield code="c">Irene Dingel, Volker Leppin (Hrsg.)</subfield></datafield><datafield ind1="1" ind2="4" tag="246"><subfield code="a">&lt;&lt;Das&gt;&gt; Reformatorenlexikon</subfield></datafield><datafield ind1=" " ind2="1" tag="264"><subfield code="a">Darmstadt</subfield><subfield code="b">L. Schneider</subfield><subfield code="c">2014</subfield></datafield><datafield ind1=" " ind2=" " tag="300"><subfield code="a">304 S.</subfield><subfield code="b">Ill.</subfield><subfield code="c">25 cm</subfield></datafield><datafield ind1=" " ind2=" " tag="336"><subfield code="b">txt</subfield><subfield code="2">rdacontent</subfield></datafield><datafield ind1=" " ind2=" " tag="337"><subfield code="b">n</subfield><subfield code="2">rdamedia</subfield></datafield><datafield ind1=" " ind2=" " tag="338"><subfield code="b">nc</subfield><subfield code="2">rdacarrier</subfield></datafield><datafield ind1="0" ind2=" " tag="490"><subfield code="a">Am besten lesen</subfield></datafield><datafield ind1=" " ind2=" " tag="500"><subfield code="a">Literaturangaben</subfield></datafield><datafield ind1=" " ind2="7" tag="650"><subfield code="a">Reformation</subfield><subfield code="0">(DE-588)4048946-2</subfield><subfield code="2">gnd</subfield></datafield><datafield ind1=" " ind2="7" tag="650"><subfield code="a">Reformator</subfield><subfield code="0">(DE-588)4177347-0</subfield><subfield code="2">gnd</subfield></datafield><datafield ind1=" " ind2="7" tag="650"><subfield code="a">Réformateurs (réforme protestante)</subfield><subfield code="0">(IDREF)027366626</subfield><subfield code="2">idref</subfield></datafield><datafield ind1=" " ind2="7" tag="650"><subfield code="a">Réforme protestante</subfield><subfield code="0">(IDREF)027341836</subfield><subfield code="2">idref</subfield></datafield><datafield ind1=" " ind2="7" tag="655"><subfield code="a">Wörterbuch</subfield><subfield code="2">gnd-content</subfield></datafield><datafield ind1=" " ind2="7" tag="655"><subfield code="a">Lexikon</subfield><subfield code="2">idszbz</subfield></datafield><datafield ind1=" " ind2="7" tag="655"><subfield code="a">Biographie</subfield><subfield code="0">(IDREF)027281558</subfield><subfield code="2">idref</subfield></datafield><datafield ind1=" " ind2=" " tag="690"><subfield code="a">Reformator</subfield><subfield code="2">rzh-UA</subfield></datafield><datafield ind1=" " ind2=" " tag="690"><subfield code="a">Lexikon</subfield><subfield code="2">rzh-UA</subfield></datafield><datafield ind1="1" ind2=" " tag="700"><subfield code="a">Dingel, Irene</subfield><subfield code="d">1956-</subfield><subfield code="0">(DE-588)111186870</subfield><subfield code="6">880-02</subfield></datafield><datafield ind1="1" ind2=" " tag="880"><subfield code="6">700-02</subfield><subfield code="a">Dingel, Irene</subfield><subfield code="d">1956-....</subfield><subfield code="0">(IDREF)11791858X</subfield></datafield><datafield ind1="4" ind2=" " tag="856"><subfield code="3">Titelblatt und Inhaltsverzeichnis</subfield><subfield code="u">https://toc.library.ethz.ch/objects/pdf03/z01_978-3-650-40009-3_01.pdf</subfield><subfield code="q">pdf</subfield></datafield><datafield ind1=" " ind2=" " tag="900"><subfield code="a">IDSZ2zbzmon201405f</subfield><subfield code="c">IDSZ2spie</subfield><subfield code="d">IDSZ2zbzswk201405g</subfield><subfield code="e">IDSZ2schu</subfield></datafield><datafield ind1=" " ind2=" " tag="900"><subfield code="a">REROnoselfmerge</subfield></datafield><datafield ind1=" " ind2=" " tag="910"><subfield code="a">GyFmDB</subfield><subfield code="b">20140618</subfield><subfield code="c">Droits réservés</subfield></datafield><datafield ind1=" " ind2=" " tag="911"><subfield code="a">700</subfield><subfield code="a">Leppin, Volker</subfield><subfield code="d">1966-</subfield></datafield><datafield ind1=" " ind2=" " tag="949"><subfield code="a">https://toc.library.ethz.ch/objects/pdf03/z01_978-3-650-40009-3_01.pdf</subfield></datafield><datafield ind1=" " ind2=" " tag="993"><subfield code="a">MHR Ra 114</subfield><subfield code="x">ge/mhr-/9704</subfield><subfield code="9">LOCAL</subfield></datafield></record>
</metadata></record>