<record><header><identifier>oai:alma.41SLSP_UGE:991000031669705502</identifier><datestamp>2023-06-20T00:21:01Z</datestamp><setSpec>uge_bcen_RapidILL_BOOK</setSpec><setSpec>uge_aaca_RapidILL_BOOK</setSpec><setSpec>uge_abels_RapidILL_BOOK</setSpec><setSpec>uge_dbu_RapidILL_BOOK</setSpec><setSpec>uge_cmu_RapidILL_BOOK</setSpec><setSpec>uge_mail_RapidILL_BOOK</setSpec><setSpec>uge_abbat_RapidILL_BOOK</setSpec><setSpec>UNIGE_ALL</setSpec><setSpec>uge_aobs_RapidILL_BOOK</setSpec><setSpec>uge_acar_RapidILL_BOOK</setSpec></header><metadata>
<record xmlns="http://www.loc.gov/MARC21/slim" xmlns:xsi="http://www.w3.org/2001/XMLSchema-instance" xsi:schemaLocation="http://www.loc.gov/MARC21/slim http://www.loc.gov/standards/marcxml/schema/MARC21slim.xsd"><leader>02912nam a22007452c 4500</leader><controlfield tag="001">991000031669705502</controlfield><controlfield tag="005">20230619202014.0</controlfield><controlfield tag="008">201012s2014    xxk||||| |||| 00| ||eng d</controlfield><datafield ind1=" " ind2=" " tag="015"><subfield code="a">GBB3B8114</subfield><subfield code="2">bnb</subfield></datafield><datafield ind1=" " ind2=" " tag="020"><subfield code="a">9781137400352</subfield><subfield code="q">hbk.</subfield><subfield code="c">£45.00</subfield></datafield><datafield ind1=" " ind2=" " tag="020"><subfield code="z">9781137400369</subfield><subfield code="q">PDF</subfield></datafield><datafield ind1=" " ind2=" " tag="020"><subfield code="z">9781137400376</subfield><subfield code="q">EPUB</subfield></datafield><datafield ind1="7" ind2=" " tag="024"><subfield code="a">http://catalogue.bnf.fr/ark:/12148/cb437666860</subfield><subfield code="2">uri</subfield></datafield><datafield ind1=" " ind2=" " tag="035"><subfield code="a">(swissbib)238808378-41slsp_network</subfield></datafield><datafield ind1=" " ind2=" " tag="035"><subfield code="a">238808378</subfield><subfield code="9">ExL</subfield></datafield><datafield ind1=" " ind2=" " tag="035"><subfield code="a">(RERO)R008472309-41slsp</subfield></datafield><datafield ind1=" " ind2=" " tag="035"><subfield code="a">(IDSBB)006267089DSV01</subfield></datafield><datafield ind1=" " ind2=" " tag="035"><subfield code="a">(NEBIS)010424304EBI01</subfield></datafield><datafield ind1=" " ind2=" " tag="035"><subfield code="a">(OCoLC)869726526</subfield><subfield code="z">(OCoLC)866097114</subfield></datafield><datafield ind1=" " ind2=" " tag="035"><subfield code="a">(EXLNZ-41SLSP_NETWORK)991084490529705501</subfield></datafield><datafield ind1=" " ind2=" " tag="040"><subfield code="a">SzZUIDS</subfield><subfield code="b">ger</subfield><subfield code="d">CH-ZuSLS</subfield></datafield><datafield ind1=" " ind2=" " tag="050"><subfield code="a">PR9639.3.M258</subfield><subfield code="b">Z527 2014</subfield></datafield><datafield ind1=" " ind2=" " tag="050"><subfield code="a">PR9639.3.M258</subfield><subfield code="b">Z5845 2014</subfield></datafield><datafield ind1=" " ind2="7" tag="072"><subfield code="a">an</subfield><subfield code="2">rero</subfield></datafield><datafield ind1=" " ind2="7" tag="072"><subfield code="a">ba</subfield><subfield code="2">rero</subfield></datafield><datafield ind1=" " ind2="7" tag="072"><subfield code="a">le</subfield><subfield code="2">SzZuIDS BS/BE</subfield></datafield><datafield ind1=" " ind2="7" tag="072"><subfield code="a">mm</subfield><subfield code="2">SzZuIDS BS/BE</subfield></datafield><datafield ind1="0" ind2="4" tag="082"><subfield code="a">823.912</subfield><subfield code="2">23</subfield></datafield><datafield ind1="0" ind2="4" tag="082"><subfield code="a">791</subfield></datafield><datafield ind1="1" ind2=" " tag="100"><subfield code="a">Ascari, Maurizio</subfield><subfield code="d">1965-</subfield><subfield code="0">(DE-588)14110533X</subfield><subfield code="6">880-01</subfield></datafield><datafield ind1="1" ind2=" " tag="880"><subfield code="6">100-01</subfield><subfield code="a">Ascari, Maurizio</subfield><subfield code="d">19..-....</subfield><subfield code="0">(IDREF)086103865</subfield><subfield code="4">cre</subfield></datafield><datafield ind1="1" ind2="0" tag="245"><subfield code="a">Cinema and the imagination in Katherine Mansfield's writing</subfield><subfield code="c">Maurizio Ascari</subfield></datafield><datafield ind1=" " ind2="1" tag="264"><subfield code="a">Basingstoke</subfield><subfield code="b">Palgrave Macmillan</subfield><subfield code="c">2014</subfield></datafield><datafield ind1=" " ind2=" " tag="300"><subfield code="a">ix, 108 p.</subfield></datafield><datafield ind1=" " ind2=" " tag="336"><subfield code="b">txt</subfield><subfield code="2">rdacontent</subfield></datafield><datafield ind1=" " ind2=" " tag="337"><subfield code="b">n</subfield><subfield code="2">rdamedia</subfield></datafield><datafield ind1=" " ind2=" " tag="338"><subfield code="b">nc</subfield><subfield code="2">rdacarrier</subfield></datafield><datafield ind1="0" ind2=" " tag="490"><subfield code="a">Palgrave pivot</subfield></datafield><datafield ind1="1" ind2="0" tag="600"><subfield code="a">Mansfield, Katherine</subfield><subfield code="d">1888-1923</subfield><subfield code="x">Criticism and interpretation</subfield></datafield><datafield ind1="1" ind2="7" tag="600"><subfield code="a">Mansfield, Katherine</subfield><subfield code="d">1888-1923</subfield><subfield code="0">(IDREF)027006573</subfield><subfield code="2">idref</subfield></datafield><datafield ind1="1" ind2="7" tag="600"><subfield code="a">Mansfield, Katherine</subfield><subfield code="d">1888-1923</subfield><subfield code="0">(DE-588)118577263</subfield><subfield code="2">gnd</subfield></datafield><datafield ind1="1" ind2="7" tag="600"><subfield code="a">Mansfield, Katherine</subfield><subfield code="d">1888-1923</subfield><subfield code="2">fast</subfield></datafield><datafield ind1=" " ind2="7" tag="648"><subfield code="a">1900 - 1999</subfield><subfield code="2">fast</subfield></datafield><datafield ind1=" " ind2="0" tag="650"><subfield code="a">Modernism (Christian theology)</subfield></datafield><datafield ind1=" " ind2="0" tag="650"><subfield code="a">Motion pictures and literature</subfield></datafield><datafield ind1=" " ind2="7" tag="650"><subfield code="a">Films muets</subfield><subfield code="0">(IDREF)027433439</subfield><subfield code="2">idref</subfield></datafield><datafield ind1=" " ind2="7" tag="650"><subfield code="a">Littérature</subfield><subfield code="0">(IDREF)027328570</subfield><subfield code="2">idref</subfield></datafield><datafield ind1=" " ind2="7" tag="650"><subfield code="a">Narration</subfield><subfield code="0">(IDREF)027299988</subfield><subfield code="2">idref</subfield></datafield><datafield ind1=" " ind2="7" tag="650"><subfield code="a">Erzähltechnik</subfield><subfield code="0">(DE-588)4124854-5</subfield><subfield code="2">gnd</subfield></datafield><datafield ind1=" " ind2="7" tag="650"><subfield code="a">Film</subfield><subfield code="0">(DE-588)4017102-4</subfield><subfield code="2">gnd</subfield></datafield><datafield ind1=" " ind2="0" tag="650"><subfield code="a">Modernism (Literature)</subfield></datafield><datafield ind1=" " ind2="0" tag="650"><subfield code="a">English fiction</subfield><subfield code="x">History and criticism</subfield><subfield code="y">20th century</subfield></datafield><datafield ind1=" " ind2="0" tag="650"><subfield code="a">Silent films</subfield><subfield code="z">Great Britain</subfield><subfield code="x">History and criticism</subfield></datafield><datafield ind1=" " ind2="7" tag="650"><subfield code="a">Moderne</subfield><subfield code="0">(DE-588)4039827-4</subfield><subfield code="2">gnd</subfield></datafield><datafield ind1=" " ind2="7" tag="650"><subfield code="a">Stummfilm</subfield><subfield code="0">(DE-588)4058257-7</subfield><subfield code="2">gnd</subfield></datafield><datafield ind1=" " ind2="7" tag="650"><subfield code="a">English fiction</subfield><subfield code="2">fast</subfield></datafield><datafield ind1=" " ind2="7" tag="650"><subfield code="a">Modernism (Literature)</subfield><subfield code="2">fast</subfield></datafield><datafield ind1=" " ind2="7" tag="650"><subfield code="a">Motion pictures and literature</subfield><subfield code="2">fast</subfield></datafield><datafield ind1=" " ind2="7" tag="650"><subfield code="a">Silent films</subfield><subfield code="2">fast</subfield></datafield><datafield ind1=" " ind2="7" tag="650"><subfield code="a">Literature</subfield><subfield code="2">ukslc</subfield></datafield><datafield ind1=" " ind2="7" tag="651"><subfield code="a">Großbritannien</subfield><subfield code="0">(DE-588)4022153-2</subfield><subfield code="2">gnd</subfield></datafield><datafield ind1=" " ind2="7" tag="651"><subfield code="a">Great Britain</subfield><subfield code="2">fast</subfield></datafield><datafield ind1=" " ind2="7" tag="655"><subfield code="a">Criticism, interpretation, etc</subfield><subfield code="2">fast</subfield></datafield><datafield ind1="4" ind2=" " tag="856"><subfield code="3">Titelblatt und Inhaltsverzeichnis</subfield><subfield code="u">https://toc.library.ethz.ch/objects/pdf03/z01_978-1-137-40035-2_01.pdf</subfield><subfield code="q">pdf</subfield></datafield><datafield ind1=" " ind2=" " tag="900"><subfield code="a">IDSZ2zbzmon201507f</subfield><subfield code="c">IDSZ2spie</subfield><subfield code="d">IDSZ2zbzswk201507b</subfield><subfield code="e">IDSZ2trun</subfield></datafield><datafield ind1=" " ind2=" " tag="949"><subfield code="a">https://toc.library.ethz.ch/objects/pdf03/z01_978-1-137-40035-2_01.pdf</subfield></datafield></record>
</metadata></record>