<record><header><identifier>oai:alma.41SLSP_UGE:991000031459705502</identifier><datestamp>2023-05-23T00:11:56Z</datestamp><setSpec>uge_bcen_RapidILL_BOOK</setSpec><setSpec>uge_aaca_RapidILL_BOOK</setSpec><setSpec>uge_abels_RapidILL_BOOK</setSpec><setSpec>uge_dbu_RapidILL_BOOK</setSpec><setSpec>uge_cmu_RapidILL_BOOK</setSpec><setSpec>uge_mail_RapidILL_BOOK</setSpec><setSpec>uge_abbat_RapidILL_BOOK</setSpec><setSpec>UNIGE_ALL</setSpec><setSpec>uge_acar_RapidILL_BOOK</setSpec><setSpec>uge_aobs_RapidILL_BOOK</setSpec></header><metadata>
<record xmlns="http://www.loc.gov/MARC21/slim" xmlns:xsi="http://www.w3.org/2001/XMLSchema-instance" xsi:schemaLocation="http://www.loc.gov/MARC21/slim http://www.loc.gov/standards/marcxml/schema/MARC21slim.xsd"><leader>03239nam a2200673 c 4500</leader><controlfield tag="001">991000031459705502</controlfield><controlfield tag="005">20230516184433.0</controlfield><controlfield tag="008">201011s2013    hu ||||| |||| 00| ||eng d</controlfield><datafield ind1=" " ind2=" " tag="010"><subfield code="a">2012047916</subfield></datafield><datafield ind1=" " ind2=" " tag="020"><subfield code="a">9786155225178</subfield></datafield><datafield ind1=" " ind2=" " tag="020"><subfield code="a">6155225176</subfield></datafield><datafield ind1="7" ind2=" " tag="024"><subfield code="a">http://catalogue.bnf.fr/ark:/12148/cb43627518g</subfield><subfield code="2">uri</subfield></datafield><datafield ind1=" " ind2=" " tag="035"><subfield code="a">(swissbib)228392578-41slsp_network</subfield></datafield><datafield ind1=" " ind2=" " tag="035"><subfield code="a">228392578</subfield><subfield code="9">ExL</subfield></datafield><datafield ind1=" " ind2=" " tag="035"><subfield code="a">(RERO)R008011084-41slsp</subfield></datafield><datafield ind1=" " ind2=" " tag="035"><subfield code="a">(IDSBB)006093029DSV01</subfield></datafield><datafield ind1=" " ind2=" " tag="035"><subfield code="a">(NEBIS)007596739EBI01</subfield></datafield><datafield ind1=" " ind2=" " tag="035"><subfield code="a">(OCoLC)793581886</subfield></datafield><datafield ind1=" " ind2=" " tag="035"><subfield code="a">(EXLNZ-41SLSP_NETWORK)991011524829705501</subfield></datafield><datafield ind1=" " ind2=" " tag="040"><subfield code="a">RERO geulhg</subfield><subfield code="d">CH-ZuSLS</subfield></datafield><datafield ind1=" " ind2=" " tag="050"><subfield code="a">DK264.2.K78</subfield><subfield code="b">M55 2013</subfield></datafield><datafield ind1=" " ind2="7" tag="072"><subfield code="a">ht</subfield><subfield code="2">rero</subfield></datafield><datafield ind1=" " ind2="7" tag="072"><subfield code="a">sp</subfield><subfield code="2">rero</subfield></datafield><datafield ind1=" " ind2="7" tag="072"><subfield code="a">og</subfield><subfield code="2">SzZuIDS BS/BE</subfield></datafield><datafield ind1="0" ind2="4" tag="082"><subfield code="a">947/.35</subfield><subfield code="2">23</subfield></datafield><datafield ind1="1" ind2="4" tag="082"><subfield code="a">940</subfield><subfield code="2">15</subfield></datafield><datafield ind1="1" ind2=" " tag="100"><subfield code="a">Miller, Burton Richard</subfield><subfield code="0">(IDREF)181056224</subfield><subfield code="4">cre</subfield></datafield><datafield ind1="1" ind2="0" tag="245"><subfield code="a">Rural unrest during the first Russian Revolution</subfield><subfield code="b">Kursk Province, 1905-1906</subfield><subfield code="c">Burton Richard Miller</subfield></datafield><datafield ind1=" " ind2="1" tag="264"><subfield code="a">Budapest</subfield><subfield code="b">CEU Press - Central European University Press</subfield><subfield code="c">2013</subfield></datafield><datafield ind1=" " ind2=" " tag="300"><subfield code="a">xiv, 448 p.</subfield><subfield code="b">maps, tables, fig.</subfield></datafield><datafield ind1=" " ind2=" " tag="336"><subfield code="b">txt</subfield><subfield code="2">rdacontent</subfield></datafield><datafield ind1=" " ind2=" " tag="337"><subfield code="b">n</subfield><subfield code="2">rdamedia</subfield></datafield><datafield ind1=" " ind2=" " tag="338"><subfield code="b">nc</subfield><subfield code="2">rdacarrier</subfield></datafield><datafield ind1="1" ind2=" " tag="490"><subfield code="a">Historical studies in Eastern Europe and Eurasia</subfield><subfield code="v">Volume I</subfield></datafield><datafield ind1=" " ind2=" " tag="504"><subfield code="a">Sources and literature: p. 389-427</subfield></datafield><datafield ind1=" " ind2=" " tag="504"><subfield code="a">Includes bibliographical references and index</subfield></datafield><datafield ind1=" " ind2="7" tag="648"><subfield code="a">Geschichte 1905-1906</subfield><subfield code="2">gnd</subfield></datafield><datafield ind1=" " ind2="7" tag="648"><subfield code="a">Geschichte 1900-1950</subfield><subfield code="2">idszbz</subfield></datafield><datafield ind1=" " ind2="7" tag="650"><subfield code="a">Révoltes paysannes</subfield><subfield code="0">(IDREF)027246086</subfield><subfield code="2">idref</subfield></datafield><datafield ind1=" " ind2="7" tag="650"><subfield code="a">Population rurale</subfield><subfield code="0">(IDREF)027728498</subfield><subfield code="2">idref</subfield></datafield><datafield ind1=" " ind2="7" tag="650"><subfield code="a">Paysannerie</subfield><subfield code="0">(IDREF)027265943</subfield><subfield code="2">idref</subfield></datafield><datafield ind1=" " ind2="7" tag="650"><subfield code="a">Conditions rurales</subfield><subfield code="0">(IDREF)027260550</subfield><subfield code="2">idref</subfield></datafield><datafield ind1=" " ind2="7" tag="650"><subfield code="a">19e siècle (fin)-20e siècle (début)</subfield><subfield code="0">(RERO)A022505713</subfield><subfield code="2">rero</subfield></datafield><datafield ind1=" " ind2="0" tag="650"><subfield code="a">Peasants</subfield><subfield code="z">Russia (Federation)</subfield><subfield code="z">Kurskai͡a oblastʹ</subfield><subfield code="x">History</subfield><subfield code="y">20th century</subfield></datafield><datafield ind1=" " ind2="0" tag="650"><subfield code="a">Villages</subfield><subfield code="z">Russia (Federation)</subfield><subfield code="z">Kurskai͡a oblastʹ</subfield><subfield code="x">History</subfield><subfield code="y">20th century</subfield></datafield><datafield ind1=" " ind2="0" tag="650"><subfield code="a">Social conflict</subfield><subfield code="z">Russia (Federation)</subfield><subfield code="z">Kurskai͡a oblastʹ</subfield><subfield code="x">History</subfield><subfield code="y">20th century</subfield></datafield><datafield ind1=" " ind2="0" tag="650"><subfield code="a">Government, Resistance to</subfield><subfield code="z">Russia (Federation)</subfield><subfield code="z">Kurskai͡a oblastʹ</subfield><subfield code="x">History</subfield><subfield code="y">20th century</subfield></datafield><datafield ind1=" " ind2="0" tag="650"><subfield code="a">Social change</subfield><subfield code="z">Russia (Federation)</subfield><subfield code="z">Kurskai͡a oblastʹ</subfield><subfield code="x">History</subfield><subfield code="y">20th century</subfield></datafield><datafield ind1=" " ind2="7" tag="650"><subfield code="a">Russische Revolution</subfield><subfield code="g">1905</subfield><subfield code="0">(DE-588)4178762-6</subfield><subfield code="2">gnd</subfield></datafield><datafield ind1=" " ind2="7" tag="651"><subfield code="a">Koursk (Russie ; oblast de)</subfield><subfield code="0">(IDREF)192330241</subfield><subfield code="2">idref</subfield></datafield><datafield ind1=" " ind2="7" tag="651"><subfield code="a">Oblast Kursk</subfield><subfield code="0">(DE-588)4469029-0</subfield><subfield code="2">gnd</subfield></datafield><datafield ind1=" " ind2="0" tag="651"><subfield code="a">Russia</subfield><subfield code="x">History</subfield><subfield code="y">Revolution, 1905-1907</subfield><subfield code="x">Social aspects</subfield><subfield code="z">Russia (Federation)</subfield><subfield code="z">Kurskai͡a oblastʹ</subfield></datafield><datafield ind1=" " ind2="0" tag="651"><subfield code="a">Kurskai͡a oblastʹ (Russia)</subfield><subfield code="x">History</subfield><subfield code="y">20th century</subfield></datafield><datafield ind1=" " ind2="0" tag="651"><subfield code="a">Kurskai͡a oblastʹ (Russia)</subfield><subfield code="x">Rural conditions</subfield></datafield><datafield ind1=" " ind2="7" tag="651"><subfield code="a">Gouvernement Kursk</subfield><subfield code="0">(DE-588)4033810-1</subfield><subfield code="2">gnd</subfield></datafield><datafield ind1=" " ind2="7" tag="651"><subfield code="a">Russie</subfield><subfield code="y">1905-1907 (Révolution)</subfield><subfield code="0">(IDREF)027280020</subfield><subfield code="2">idref</subfield></datafield><datafield ind1="4" ind2=" " tag="856"><subfield code="3">Titelblatt und Inhaltsverzeichnis</subfield><subfield code="u">https://toc.library.ethz.ch/objects/pdf03/z01_978-615-5225-17-8_01.pdf</subfield><subfield code="q">pdf</subfield></datafield><datafield ind1=" " ind2="0" tag="830"><subfield code="a">Historical studies in Eastern Europe and Eurasia</subfield><subfield code="v">1</subfield><subfield code="w">(NEBIS)009794728EBI01</subfield></datafield><datafield ind1=" " ind2=" " tag="900"><subfield code="a">IDSZ2zbzmon201306f</subfield><subfield code="c">IDSZ2maer</subfield><subfield code="d">IDSZ2zbzswk201308b</subfield><subfield code="e">IDSZ2brue</subfield></datafield><datafield ind1=" " ind2=" " tag="949"><subfield code="a">https://toc.library.ethz.ch/objects/pdf03/z01_978-615-5225-17-8_01.pdf</subfield></datafield></record>
</metadata></record>