<record><header><identifier>oai:alma.41SLSP_UGE:991000031039705502</identifier><datestamp>2024-09-02T00:05:33Z</datestamp><setSpec>UNIGE_ALL</setSpec></header><metadata>
<record xmlns="http://www.loc.gov/MARC21/slim" xmlns:xsi="http://www.w3.org/2001/XMLSchema-instance" xsi:schemaLocation="http://www.loc.gov/MARC21/slim http://www.loc.gov/standards/marcxml/schema/MARC21slim.xsd"><leader>01140ngm a2200313 c 4500</leader><controlfield tag="001">991000031039705502</controlfield><controlfield tag="005">20230625103053.0</controlfield><controlfield tag="007">vd |v||||</controlfield><controlfield tag="008">120706s1994    sz ||| |          v|fre d</controlfield><datafield ind1=" " ind2=" " tag="035"><subfield code="a">(swissbib)116154357-41slsp_network</subfield></datafield><datafield ind1=" " ind2=" " tag="035"><subfield code="a">116154357</subfield><subfield code="9">ExL</subfield></datafield><datafield ind1=" " ind2=" " tag="035"><subfield code="a">(RERO)R007100320-41slsp</subfield></datafield><datafield ind1=" " ind2=" " tag="035"><subfield code="a">(EXLNZ-41SLSP_NETWORK)991090749109705501</subfield></datafield><datafield ind1=" " ind2=" " tag="040"><subfield code="a">RERO geumed</subfield><subfield code="d">CH-ZuSLS</subfield></datafield><datafield ind1=" " ind2=" " tag="044"><subfield code="a">sz</subfield><subfield code="c">ch-ge</subfield></datafield><datafield ind1=" " ind2="7" tag="072"><subfield code="a">fr</subfield><subfield code="2">rero</subfield></datafield><datafield ind1="0" ind2="0" tag="245"><subfield code="a">Jean Starobinski ou le regard critique</subfield><subfield code="c">une émisson de Jacques Pilet et Claude Torracinta</subfield></datafield><datafield ind1=" " ind2="1" tag="264"><subfield code="a">Genève</subfield><subfield code="b">Télévision suisse romande [prod.]</subfield><subfield code="c">1994</subfield></datafield><datafield ind1=" " ind2=" " tag="300"><subfield code="a">1 DVD-R (47 min)</subfield></datafield><datafield ind1=" " ind2=" " tag="336"><subfield code="b">tdi</subfield><subfield code="2">rdacontent</subfield></datafield><datafield ind1=" " ind2=" " tag="337"><subfield code="b">v</subfield><subfield code="2">rdamedia</subfield></datafield><datafield ind1=" " ind2=" " tag="338"><subfield code="b">vd</subfield><subfield code="2">rdacarrier</subfield></datafield><datafield ind1="0" ind2=" " tag="490"><subfield code="a">Les voix du temps</subfield></datafield><datafield ind1=" " ind2=" " tag="500"><subfield code="a">Diffusé sur TSR, le 27 avril 1994</subfield></datafield><datafield ind1=" " ind2=" " tag="508"><subfield code="a">Image Claude Paccaud et Hugo Maeder ; son Jiri Nezval ; montage Martine Bovon</subfield></datafield><datafield ind1="1" ind2="7" tag="600"><subfield code="a">Starobinski, Jean</subfield><subfield code="d">1920-2019</subfield><subfield code="0">(IDREF)027147452</subfield><subfield code="2">idref</subfield></datafield><datafield ind1=" " ind2="7" tag="655"><subfield code="a">DVD</subfield><subfield code="2">idref</subfield><subfield code="0">(IDREF)035108444</subfield></datafield><datafield ind1=" " ind2="7" tag="655"><subfield code="a">Entretiens</subfield><subfield code="0">(IDREF)027235246</subfield><subfield code="2">idref</subfield></datafield><datafield ind1="1" ind2=" " tag="700"><subfield code="a">Torracinta, Claude</subfield><subfield code="d">1934-2024</subfield><subfield code="0">(IDREF)155321161</subfield></datafield><datafield ind1="1" ind2=" " tag="700"><subfield code="a">Pilet, Jacques</subfield><subfield code="d">1943-....</subfield><subfield code="0">(IDREF)131375180</subfield></datafield></record>
</metadata></record>