<record><header><identifier>oai:alma.41SLSP_UGE:991000031269705502</identifier><datestamp>2023-03-01T01:09:05Z</datestamp><setSpec>uge_bcen_RapidILL_BOOK</setSpec><setSpec>uge_aaca_RapidILL_BOOK</setSpec><setSpec>uge_abels_RapidILL_BOOK</setSpec><setSpec>uge_dbu_RapidILL_BOOK</setSpec><setSpec>uge_cmu_RapidILL_BOOK</setSpec><setSpec>uge_mail_RapidILL_BOOK</setSpec><setSpec>UNIGE_ALL</setSpec><setSpec>uge_abbat_RapidILL_BOOK</setSpec><setSpec>uge_aobs_RapidILL_BOOK</setSpec><setSpec>uge_acar_RapidILL_BOOK</setSpec></header><metadata>
<record xmlns="http://www.loc.gov/MARC21/slim" xmlns:xsi="http://www.w3.org/2001/XMLSchema-instance" xsi:schemaLocation="http://www.loc.gov/MARC21/slim http://www.loc.gov/standards/marcxml/schema/MARC21slim.xsd"><leader>01270nam a2200325 c 4500</leader><controlfield tag="001">991000031269705502</controlfield><controlfield tag="005">20201231134439.0</controlfield><controlfield tag="008">201012s1956    be ||||| |||| 00| ||fre d</controlfield><datafield ind1=" " ind2=" " tag="035"><subfield code="a">(swissbib)238168573-41slsp_network</subfield></datafield><datafield ind1=" " ind2=" " tag="035"><subfield code="a">238168573</subfield><subfield code="9">ExL</subfield></datafield><datafield ind1=" " ind2=" " tag="035"><subfield code="a">(RERO)R003358730-41slsp</subfield></datafield><datafield ind1=" " ind2=" " tag="035"><subfield code="a">(IDSBB)004933554DSV01</subfield></datafield><datafield ind1=" " ind2=" " tag="035"><subfield code="a">(NEBIS)006240017EBI01</subfield></datafield><datafield ind1=" " ind2=" " tag="035"><subfield code="a">(EXLNZ-41SLSP_NETWORK)991155997999705501</subfield></datafield><datafield ind1=" " ind2=" " tag="040"><subfield code="a">RERO frbcuc</subfield><subfield code="d">CH-ZuSLS</subfield></datafield><datafield ind1=" " ind2="7" tag="072"><subfield code="a">th</subfield><subfield code="2">rero</subfield></datafield><datafield ind1="1" ind2=" " tag="100"><subfield code="a">Garitte, Gérard</subfield><subfield code="d">1914-1990</subfield><subfield code="0">(IDREF)028919564</subfield><subfield code="4">cre</subfield></datafield><datafield ind1="1" ind2="0" tag="245"><subfield code="a">Catalogue des manuscrits géorgiens littéraires du Mont Sinaï</subfield><subfield code="c">par Gérard Garitte</subfield></datafield><datafield ind1=" " ind2="1" tag="264"><subfield code="a">Louvain</subfield><subfield code="b">Impr. orientaliste L. Durbecq</subfield><subfield code="c">1956</subfield></datafield><datafield ind1=" " ind2=" " tag="300"><subfield code="a">XIII, 322 p.</subfield><subfield code="c">26 cm</subfield></datafield><datafield ind1=" " ind2=" " tag="336"><subfield code="b">txt</subfield><subfield code="2">rdacontent</subfield></datafield><datafield ind1=" " ind2=" " tag="337"><subfield code="b">n</subfield><subfield code="2">rdamedia</subfield></datafield><datafield ind1=" " ind2=" " tag="338"><subfield code="b">nc</subfield><subfield code="2">rdacarrier</subfield></datafield><datafield ind1="1" ind2=" " tag="490"><subfield code="a">Corpus scriptorum christianorum orientalium</subfield><subfield code="v">vol. 165.</subfield><subfield code="a">Subsidia</subfield><subfield code="v">t. 9</subfield></datafield><datafield ind1="1" ind2=" " tag="490"><subfield code="a">Corpus scriptorum christianorum orientalium. Subsidia</subfield><subfield code="v">tom. 9</subfield></datafield><datafield ind1=" " ind2=" " tag="690"><subfield code="a">Georgische Handschriften / Bibliographien</subfield><subfield code="2">uzb-Z9</subfield></datafield><datafield ind1=" " ind2=" " tag="690"><subfield code="a">Sinai (Berg)</subfield><subfield code="2">uzb-Z9</subfield></datafield><datafield ind1=" " ind2=" " tag="830"><subfield code="a">Corpus scriptorum Christianorum Orientalium</subfield><subfield code="v">165</subfield><subfield code="w">(IDSBB)000026309DSV01</subfield></datafield><datafield ind1=" " ind2=" " tag="830"><subfield code="a">Corpus scriptorum christianorum orientalium</subfield><subfield code="p">Subsidia</subfield><subfield code="v">9</subfield><subfield code="w">(NEBIS)001778949EBI01</subfield></datafield><datafield ind1=" " ind2=" " tag="900"><subfield code="a">REROnoselfmerge</subfield></datafield><datafield ind1=" " ind2=" " tag="900"><subfield code="a">IDSZRMedeaZBZ</subfield></datafield></record>
</metadata></record>