<record><header><identifier>oai:alma.41SLSP_UGE:991000031479705502</identifier><datestamp>2023-06-26T00:15:31Z</datestamp><setSpec>UNIGE_ALL</setSpec></header><metadata>
<record xmlns="http://www.loc.gov/MARC21/slim" xmlns:xsi="http://www.w3.org/2001/XMLSchema-instance" xsi:schemaLocation="http://www.loc.gov/MARC21/slim http://www.loc.gov/standards/marcxml/schema/MARC21slim.xsd"><leader>02360ngm a2200505 c 4500</leader><controlfield tag="001">991000031479705502</controlfield><controlfield tag="005">20230625102619.0</controlfield><controlfield tag="007">vd#|v||||</controlfield><controlfield tag="008">101210s2010    sz ||| |          v|fre d</controlfield><datafield ind1=" " ind2=" " tag="035"><subfield code="a">(swissbib)111292301-41slsp_network</subfield></datafield><datafield ind1=" " ind2=" " tag="035"><subfield code="a">111292301</subfield><subfield code="9">ExL</subfield></datafield><datafield ind1=" " ind2=" " tag="035"><subfield code="a">(RERO)R005737800-41slsp</subfield></datafield><datafield ind1=" " ind2=" " tag="035"><subfield code="a">(EXLNZ-41SLSP_NETWORK)991149976669705501</subfield></datafield><datafield ind1=" " ind2=" " tag="040"><subfield code="a">RERO labcur</subfield><subfield code="d">CH-ZuSLS</subfield></datafield><datafield ind1=" " ind2=" " tag="044"><subfield code="a">sz</subfield><subfield code="c">ch-ge</subfield></datafield><datafield ind1=" " ind2="7" tag="072"><subfield code="a">go</subfield><subfield code="2">rero</subfield></datafield><datafield ind1=" " ind2="7" tag="072"><subfield code="a">ba</subfield><subfield code="2">rero</subfield></datafield><datafield ind1="7" ind2="4" tag="082"><subfield code="a">620</subfield><subfield code="2">23sdnb</subfield></datafield><datafield ind1="7" ind2="4" tag="082"><subfield code="a">380</subfield><subfield code="2">23sdnb</subfield></datafield><datafield ind1="0" ind2="0" tag="245"><subfield code="a">&lt;&lt;Les&gt;&gt; quatre saisons du petit train rouge</subfield><subfield code="c">un film de Claude Schauli</subfield></datafield><datafield ind1=" " ind2="1" tag="264"><subfield code="a">[Troinex]</subfield><subfield code="b">Manisanda Productions</subfield><subfield code="c">2010</subfield></datafield><datafield ind1=" " ind2=" " tag="300"><subfield code="a">1 DVD vidéo</subfield></datafield><datafield ind1=" " ind2=" " tag="336"><subfield code="b">tdi</subfield><subfield code="2">rdacontent</subfield></datafield><datafield ind1=" " ind2=" " tag="337"><subfield code="b">v</subfield><subfield code="2">rdamedia</subfield></datafield><datafield ind1=" " ind2=" " tag="338"><subfield code="b">vd</subfield><subfield code="2">rdacarrier</subfield></datafield><datafield ind1=" " ind2=" " tag="338"><subfield code="b">cr</subfield><subfield code="2">rdacarrier</subfield></datafield><datafield ind1=" " ind2=" " tag="500"><subfield code="a">Deux fils rouges, le train des CJ et son charismatique conducteur Olivier Luder, nous emmènent de la Chaux-de-Fonds à Glovelier et du Noirmont à Tavannes.</subfield><subfield code="5">B412</subfield></datafield><datafield ind1=" " ind2=" " tag="500"><subfield code="a">Une prod. Manisanda Productions/Radio Télévision Suisse, cop. 2010</subfield></datafield><datafield ind1=" " ind2=" " tag="500"><subfield code="a">Zone 2</subfield></datafield><datafield ind1="0" ind2=" " tag="505"><subfield code="a">1ère partie : automne-hiver (52 min.)</subfield></datafield><datafield ind1="0" ind2=" " tag="505"><subfield code="a">2ème partie : printemps-été (53 min.)</subfield></datafield><datafield ind1="8" ind2=" " tag="520"><subfield code="a">Deux fils rouges, le train des CJ et son charismatique conducteur Olivier Luder, nous emmènent de la Chaux-de-Fonds à Glovelier et du Noirmont à Tavannes</subfield><subfield code="5">RERO/jubicj/02.2011</subfield></datafield><datafield ind1="8" ind2=" " tag="520"><subfield code="a">Tourné durant une année le long des voies du Petit train rouge, ce film raconte la vie quotidienne des &quot;Taignons&quot;. Dans de magnifiques paysages jurassiens, des personnages pittoresques nous font découvrir la richesse de leur terroir et de leur patrimoine</subfield><subfield code="5">RERO/njhep-/09.2011</subfield></datafield><datafield ind1="2" ind2="7" tag="610"><subfield code="a">Chemins de fer du Jura (chemin de fer)</subfield><subfield code="0">(RERO)A009974921</subfield><subfield code="2">rero</subfield></datafield><datafield ind1=" " ind2="7" tag="650"><subfield code="a">Chemins de fer</subfield><subfield code="0">(IDREF)027222799</subfield><subfield code="2">idref</subfield></datafield><datafield ind1=" " ind2="7" tag="650"><subfield code="a">Eisenbahn</subfield><subfield code="2">gnd</subfield><subfield code="0">(DE-588)4014015-5</subfield></datafield><datafield ind1=" " ind2="7" tag="651"><subfield code="a">Jura (Suisse ; canton)</subfield><subfield code="0">(IDREF)027434141</subfield><subfield code="2">idref</subfield></datafield><datafield ind1=" " ind2="7" tag="655"><subfield code="a">DVD</subfield><subfield code="2">idref</subfield><subfield code="0">(IDREF)035108444</subfield></datafield><datafield ind1=" " ind2="7" tag="655"><subfield code="a">DVD-Video</subfield><subfield code="2">gnd-carrier</subfield></datafield><datafield ind1=" " ind2="7" tag="655"><subfield code="a">[document]</subfield><subfield code="2">rerovoc</subfield><subfield code="0">(RERO)A010182398</subfield></datafield><datafield ind1=" " ind2="7" tag="655"><subfield code="a">Films documentaires</subfield><subfield code="0">(IDREF)027433420</subfield><subfield code="2">idref</subfield></datafield><datafield ind1=" " ind2=" " tag="691"><subfield code="e">2.8.10.3.2 Jura</subfield><subfield code="2">ube-GA</subfield></datafield><datafield ind1=" " ind2=" " tag="691"><subfield code="e">2.3.3.3.2</subfield><subfield code="z">sek</subfield><subfield code="2">ube-GA</subfield></datafield><datafield ind1="1" ind2=" " tag="700"><subfield code="6">880-01</subfield><subfield code="a">Schauli, Claude</subfield><subfield code="d">1947-....</subfield><subfield code="0">(IDREF)199719586</subfield><subfield code="4">drt</subfield></datafield><datafield ind1="1" ind2=" " tag="880"><subfield code="6">700-01/(B</subfield><subfield code="a">Schauli, Claude</subfield><subfield code="d">1947-</subfield><subfield code="4">drt</subfield><subfield code="0">(DE-588)1259854248</subfield></datafield><datafield ind1=" " ind2=" " tag="900"><subfield code="a">Stoppsignal FRED</subfield><subfield code="x">UBE/E30/202206</subfield></datafield></record>
</metadata></record>