<record><header><identifier>oai:alma.41SLSP_UGE:991000031579705502</identifier><datestamp>2023-05-12T00:25:06Z</datestamp><setSpec>uge_bcen_RapidILL_BOOK</setSpec><setSpec>uge_aaca_RapidILL_BOOK</setSpec><setSpec>uge_abels_RapidILL_BOOK</setSpec><setSpec>uge_dbu_RapidILL_BOOK</setSpec><setSpec>uge_cmu_RapidILL_BOOK</setSpec><setSpec>uge_mail_RapidILL_BOOK</setSpec><setSpec>uge_abbat_RapidILL_BOOK</setSpec><setSpec>UNIGE_ALL</setSpec><setSpec>uge_aobs_RapidILL_BOOK</setSpec><setSpec>uge_acar_RapidILL_BOOK</setSpec></header><metadata>
<record xmlns="http://www.loc.gov/MARC21/slim" xmlns:xsi="http://www.w3.org/2001/XMLSchema-instance" xsi:schemaLocation="http://www.loc.gov/MARC21/slim http://www.loc.gov/standards/marcxml/schema/MARC21slim.xsd"><leader>01409nam a2200397 c 4500</leader><controlfield tag="001">991000031579705502</controlfield><controlfield tag="005">20230511121907.0</controlfield><controlfield tag="008">201011s1997    fr ||||| |||| 00| ||fre d</controlfield><datafield ind1=" " ind2=" " tag="020"><subfield code="a">9782020302029</subfield></datafield><datafield ind1=" " ind2=" " tag="020"><subfield code="a">2020302020</subfield></datafield><datafield ind1=" " ind2=" " tag="035"><subfield code="a">(swissbib)213060558-41slsp_network</subfield></datafield><datafield ind1=" " ind2=" " tag="035"><subfield code="a">213060558</subfield><subfield code="9">ExL</subfield></datafield><datafield ind1=" " ind2=" " tag="035"><subfield code="a">(RERO)R216331560-41slsp</subfield></datafield><datafield ind1=" " ind2=" " tag="035"><subfield code="a">(IDSBB)001408171DSV01</subfield></datafield><datafield ind1=" " ind2=" " tag="035"><subfield code="a">(EXLNZ-41SLSP_NETWORK)991035703789705501</subfield></datafield><datafield ind1=" " ind2=" " tag="040"><subfield code="a">RERO labcud</subfield><subfield code="d">CH-ZuSLS</subfield></datafield><datafield ind1=" " ind2="7" tag="072"><subfield code="a">ht</subfield><subfield code="2">rero</subfield></datafield><datafield ind1=" " ind2="7" tag="072"><subfield code="a">ng</subfield><subfield code="2">SzZuIDS BS/BE</subfield></datafield><datafield ind1="1" ind2="4" tag="082"><subfield code="a">900</subfield><subfield code="2">15</subfield></datafield><datafield ind1=" " ind2=" " tag="084"><subfield code="a">NN 3980</subfield><subfield code="2">rvk</subfield></datafield><datafield ind1="0" ind2="0" tag="245"><subfield code="a">&lt;&lt;La&gt;&gt; France de la monarchie absolue</subfield><subfield code="b">1610-1715</subfield><subfield code="c">L'Histoire ; introd. et bibliographie commentée par Joël Cornette</subfield></datafield><datafield ind1=" " ind2="1" tag="264"><subfield code="a">Paris</subfield><subfield code="b">Ed. du Seuil</subfield><subfield code="c">1997</subfield></datafield><datafield ind1=" " ind2=" " tag="300"><subfield code="a">572 S.</subfield><subfield code="c">18 cm</subfield></datafield><datafield ind1=" " ind2=" " tag="336"><subfield code="b">txt</subfield><subfield code="2">rdacontent</subfield></datafield><datafield ind1=" " ind2=" " tag="337"><subfield code="b">n</subfield><subfield code="2">rdamedia</subfield></datafield><datafield ind1=" " ind2=" " tag="338"><subfield code="b">nc</subfield><subfield code="2">rdacarrier</subfield></datafield><datafield ind1="1" ind2=" " tag="490"><subfield code="a">Points. Histoire</subfield><subfield code="v">H235</subfield></datafield><datafield ind1=" " ind2=" " tag="500"><subfield code="a">Ce recueil est composé d'articles initialement parus dans &quot;L'Histoire&quot;</subfield></datafield><datafield ind1=" " ind2="7" tag="650"><subfield code="a">1610-1715</subfield><subfield code="2">rero</subfield></datafield><datafield ind1=" " ind2="7" tag="651"><subfield code="a">France</subfield><subfield code="0">(IDREF)027226794</subfield><subfield code="2">idref</subfield></datafield><datafield ind1=" " ind2="7" tag="651"><subfield code="a">Frankreich</subfield><subfield code="y">Geschichte 17. Jh</subfield><subfield code="2">idsbb</subfield></datafield><datafield ind1="1" ind2=" " tag="700"><subfield code="6">880-02</subfield><subfield code="a">Cornette, Joël</subfield><subfield code="d">1949-</subfield><subfield code="0">(DE-588)137295871</subfield></datafield><datafield ind1="1" ind2=" " tag="880"><subfield code="6">700-02</subfield><subfield code="a">Cornette, Joël</subfield><subfield code="d">1949-....</subfield><subfield code="0">(IDREF)028733754</subfield></datafield><datafield ind1="2" ind2=" " tag="710"><subfield code="a">Histoire (Paris)</subfield><subfield code="0">(RERO)A003374468</subfield></datafield><datafield ind1=" " ind2="0" tag="830"><subfield code="a">Points</subfield><subfield code="p">Histoire</subfield><subfield code="v">235</subfield><subfield code="w">(IDSBB)001337836DSV01</subfield></datafield><datafield ind1=" " ind2="0" tag="830"><subfield code="a">Points</subfield><subfield code="p">Seuil</subfield><subfield code="p">Histoire</subfield><subfield code="v">235</subfield><subfield code="w">(RERO)1080527-41slsp</subfield></datafield><datafield ind1=" " ind2=" " tag="900"><subfield code="a">REROnoselfmerge</subfield></datafield></record>
</metadata></record>