<record><header><identifier>oai:alma.41SLSP_UGE:991000031259705502</identifier><datestamp>2024-09-28T00:28:04Z</datestamp><setSpec>uge_bcen_RapidILL_BOOK</setSpec><setSpec>uge_aaca_RapidILL_BOOK</setSpec><setSpec>uge_abels_RapidILL_BOOK</setSpec><setSpec>uge_dbu_RapidILL_BOOK</setSpec><setSpec>uge_cmu_RapidILL_BOOK</setSpec><setSpec>uge_mail_RapidILL_BOOK</setSpec><setSpec>uge_abbat_RapidILL_BOOK</setSpec><setSpec>UNIGE_ALL</setSpec><setSpec>uge_aobs_RapidILL_BOOK</setSpec><setSpec>uge_acar_RapidILL_BOOK</setSpec></header><metadata>
<record xmlns="http://www.loc.gov/MARC21/slim" xmlns:xsi="http://www.w3.org/2001/XMLSchema-instance" xsi:schemaLocation="http://www.loc.gov/MARC21/slim http://www.loc.gov/standards/marcxml/schema/MARC21slim.xsd"><leader>06068nam a2200913 c 4500</leader><controlfield tag="001">991000031259705502</controlfield><controlfield tag="005">20240927123309.0</controlfield><controlfield tag="008">201011s2012    gw ||||| m||| 00| ||ger d</controlfield><datafield ind1=" " ind2=" " tag="015"><subfield code="a">12,N03</subfield><subfield code="2">dnb</subfield></datafield><datafield ind1=" " ind2=" " tag="019"><subfield code="a">Catalogage: décrit l'ex. commercial avec page de titre additionnelle de thèse</subfield><subfield code="5">RERO/neubfd/08.2012</subfield></datafield><datafield ind1=" " ind2=" " tag="019"><subfield code="a">Meyer, Anja Sophie (1978-)</subfield><subfield code="5">NEBIS/12.9.2012 paru</subfield></datafield><datafield ind1=" " ind2=" " tag="020"><subfield code="a">9783862261390</subfield></datafield><datafield ind1=" " ind2=" " tag="020"><subfield code="a">3862261395</subfield></datafield><datafield ind1=" " ind2=" " tag="035"><subfield code="a">(swissbib)218491220-41slsp_network</subfield></datafield><datafield ind1=" " ind2=" " tag="035"><subfield code="a">218491220</subfield><subfield code="9">ExL</subfield></datafield><datafield ind1=" " ind2=" " tag="035"><subfield code="a">(RERO)R007123260-41slsp</subfield></datafield><datafield ind1=" " ind2=" " tag="035"><subfield code="a">(IDSSG)000559618HSB01</subfield></datafield><datafield ind1=" " ind2=" " tag="035"><subfield code="a">(IDSLU)001055863ILU01</subfield></datafield><datafield ind1=" " ind2=" " tag="035"><subfield code="a">(IDSBB)005995767DSV01</subfield></datafield><datafield ind1=" " ind2=" " tag="035"><subfield code="a">(NEBIS)007342552EBI01</subfield></datafield><datafield ind1=" " ind2=" " tag="035"><subfield code="a">(ALEX)bv001477997</subfield></datafield><datafield ind1=" " ind2=" " tag="035"><subfield code="a">(EXLNZ-41SLSP_NETWORK)991033073309705501</subfield></datafield><datafield ind1=" " ind2=" " tag="040"><subfield code="a">RERO iftfla</subfield><subfield code="d">CH-ZuSLS</subfield></datafield><datafield ind1=" " ind2="7" tag="072"><subfield code="a">dr</subfield><subfield code="2">rero</subfield></datafield><datafield ind1=" " ind2="7" tag="072"><subfield code="a">830</subfield><subfield code="2">IDS LU</subfield></datafield><datafield ind1=" " ind2="7" tag="072"><subfield code="a">rw</subfield><subfield code="2">SzZuIDS BS/BE</subfield></datafield><datafield ind1=" " ind2="7" tag="072"><subfield code="a">sz</subfield><subfield code="2">SzZuIDS BS/BE</subfield></datafield><datafield ind1="0" ind2="4" tag="082"><subfield code="a">345.4308</subfield><subfield code="2">22/ger</subfield></datafield><datafield ind1="1" ind2="4" tag="082"><subfield code="a">300</subfield><subfield code="2">15</subfield></datafield><datafield ind1="1" ind2="4" tag="082"><subfield code="a">340</subfield><subfield code="2">15</subfield></datafield><datafield ind1=" " ind2=" " tag="084"><subfield code="a">CA/D 92 h</subfield><subfield code="2">cjurrom</subfield></datafield><datafield ind1=" " ind2=" " tag="084"><subfield code="a">PH 4420</subfield><subfield code="2">rvk</subfield></datafield><datafield ind1=" " ind2=" " tag="084"><subfield code="a">PH 8420</subfield><subfield code="2">rvk</subfield></datafield><datafield ind1="1" ind2=" " tag="100"><subfield code="a">Meyer, Anja Sophie</subfield><subfield code="0">(RERO)A021967354</subfield><subfield code="4">cre</subfield></datafield><datafield ind1="1" ind2="0" tag="245"><subfield code="a">&lt;&lt;Das&gt;&gt; Jugendstrafrecht in Deutschland</subfield><subfield code="b">eine Betrachtung der Angemessenheit bestehender und der Notwendigkeit neuer Reaktionsweisen auf straffälliges Verhalten Jugendlicher</subfield><subfield code="c">Anja Sophie Meyer</subfield></datafield><datafield ind1=" " ind2="1" tag="264"><subfield code="a">Freiburg im Breisgau</subfield><subfield code="b">Centaurus</subfield><subfield code="c">2012</subfield></datafield><datafield ind1=" " ind2=" " tag="300"><subfield code="a">181 S.</subfield><subfield code="b">Ill.</subfield><subfield code="c">21 cm</subfield></datafield><datafield ind1=" " ind2=" " tag="336"><subfield code="b">txt</subfield><subfield code="2">rdacontent</subfield></datafield><datafield ind1=" " ind2=" " tag="337"><subfield code="b">n</subfield><subfield code="2">rdamedia</subfield></datafield><datafield ind1=" " ind2=" " tag="338"><subfield code="b">nc</subfield><subfield code="2">rdacarrier</subfield></datafield><datafield ind1="1" ind2=" " tag="490"><subfield code="a">Beiträge zu Kriminologie und Strafrecht</subfield><subfield code="v">Bd. 4</subfield></datafield><datafield ind1=" " ind2=" " tag="500"><subfield code="a">Zugleich: Bern, Univ., Diss., 2011</subfield></datafield><datafield ind1=" " ind2=" " tag="502"><subfield code="a">Diss. jur. Univ. Bern, 2011</subfield></datafield><datafield ind1=" " ind2="7" tag="650"><subfield code="a">Jugendstrafrecht</subfield><subfield code="9">ger</subfield><subfield code="0">(RERO)jurivoc000012255ger</subfield><subfield code="2">jurivoc</subfield></datafield><datafield ind1=" " ind2="7" tag="650"><subfield code="a">Délinquance juvénile</subfield><subfield code="0">(IDREF)027287114</subfield><subfield code="2">idref</subfield></datafield><datafield ind1=" " ind2="7" tag="650"><subfield code="a">Droit pénal</subfield><subfield code="0">(IDREF)027466892</subfield><subfield code="2">idref</subfield></datafield><datafield ind1=" " ind2="7" tag="650"><subfield code="a">établissement socio-thérapeutique</subfield><subfield code="0">(RERO)A010080505</subfield><subfield code="2">rerovoc</subfield></datafield><datafield ind1=" " ind2="7" tag="650"><subfield code="a">Jeunes délinquants</subfield><subfield code="0">(IDREF)027235556</subfield><subfield code="2">idref</subfield></datafield><datafield ind1=" " ind2="7" tag="650"><subfield code="a">Droit comparé</subfield><subfield code="0">(IDREF)027741451</subfield><subfield code="2">idref</subfield></datafield><datafield ind1=" " ind2="7" tag="650"><subfield code="a">Violence</subfield><subfield code="0">(IDREF)027255891</subfield><subfield code="2">idref</subfield></datafield><datafield ind1=" " ind2="7" tag="650"><subfield code="a">Prévention</subfield><subfield code="0">(IDREF)02724525X</subfield><subfield code="2">idref</subfield></datafield><datafield ind1=" " ind2="7" tag="650"><subfield code="a">Exécution des peines</subfield><subfield code="0">(IDREF)027849724</subfield><subfield code="2">idref</subfield></datafield><datafield ind1=" " ind2="7" tag="650"><subfield code="a">Jugendkriminalität</subfield><subfield code="0">(DE-588)4028893-6</subfield><subfield code="2">gnd</subfield></datafield><datafield ind1=" " ind2="7" tag="650"><subfield code="a">Jugendstrafrecht</subfield><subfield code="0">(DE-588)4028943-6</subfield><subfield code="2">gnd</subfield></datafield><datafield ind1=" " ind2="7" tag="650"><subfield code="a">Effektivität</subfield><subfield code="0">(DE-588)7859045-0</subfield><subfield code="2">gnd</subfield></datafield><datafield ind1=" " ind2="0" tag="650"><subfield code="a">Criminal law</subfield><subfield code="z">Germany</subfield></datafield><datafield ind1=" " ind2="0" tag="650"><subfield code="a">Juvenile justice, Administration of</subfield><subfield code="z">Germany</subfield></datafield><datafield ind1=" " ind2="7" tag="651"><subfield code="a">Deutschland</subfield><subfield code="9">ger</subfield><subfield code="0">(RERO)jurivoc000005510ger</subfield><subfield code="2">jurivoc</subfield></datafield><datafield ind1=" " ind2="7" tag="651"><subfield code="a">Allemagne</subfield><subfield code="0">(IDREF)027218856</subfield><subfield code="2">idref</subfield></datafield><datafield ind1=" " ind2="7" tag="651"><subfield code="a">Canada</subfield><subfield code="0">(IDREF)027250679</subfield><subfield code="2">idref</subfield></datafield><datafield ind1=" " ind2="7" tag="651"><subfield code="a">Grande-Bretagne</subfield><subfield code="0">(IDREF)027228231</subfield><subfield code="2">idref</subfield></datafield><datafield ind1=" " ind2="7" tag="651"><subfield code="a">Nouvelle-Zélande</subfield><subfield code="0">(IDREF)027323072</subfield><subfield code="2">idref</subfield></datafield><datafield ind1=" " ind2="7" tag="651"><subfield code="a">Pays-Bas</subfield><subfield code="0">(IDREF)027252361</subfield><subfield code="2">idref</subfield></datafield><datafield ind1=" " ind2="7" tag="651"><subfield code="a">Deutschland</subfield><subfield code="0">(DE-588)4011882-4</subfield><subfield code="2">gnd</subfield></datafield><datafield ind1=" " ind2="7" tag="655"><subfield code="a">Hochschulschrift</subfield><subfield code="2">gnd-content</subfield></datafield><datafield ind1=" " ind2=" " tag="690"><subfield code="a">Fragebogen; Camp; Jugendliche; Boot; Gefühl; Stichprobe; Jugendkriminalität; Aa; Kind; Straftat; Bildung; Bedrohung; Reaktion; Absolventen; Entwicklung; Einstellung; Krimineller; Stellung; Untersuchungshaft; Cc</subfield><subfield code="2">idssg-J</subfield></datafield><datafield ind1=" " ind2=" " tag="690"><subfield code="a">Fragebogenkomplex; Bedrohungsgefühl; Ausweisungsmöglichkeit; Fragestellung; Kinderfragebogen; Lösungsmöglichkeit; Opferstatus; Sicherheitsgefühl; Stichprobenbeschreibung; Trainingscamp; Abschlussbetrachtung; Medienberichterstattung; Zukunftsperspektive; A-Auswertung; Abkürzungsverzeichnis; Altersverteilung; Auslandsmaßnahme; Folgemaßnahme; Früherziehung; Hintergrund; Intensivtäter; Jugendhilfeeinrichtung; Kernaussage; Literaturverzeichnis; Migrationshintergrund; Missbrauchsfall; Reaktionsweise; Rückfallquote; Sprachkenntnis; Täteralter</subfield><subfield code="2">idssg-J</subfield></datafield><datafield ind1=" " ind2=" " tag="690"><subfield code="a">konkretes Bedrohungsgefühl; anderes Land; ausgewählt Geseztestexte; ausländischer Jugendlicher; deutscher Jugendlicher; empörte Medienberichterstattung; erster Schritt; formulierte Frage; geforderte Reaktionsweise; harte Strafe; intensivpädagogische Auslandsmaßnahme; kindliche Früherziehung; kriminalpolitische Fragestellung; naher Umstand; persönliches Bedrohungsgefühl; staatliche Reaktion; straffälliges Verhalten; strafunmündiger Krimineller; symbolische Komponente; tabellarische Darstellung; verbesserte Ausweisungsmöglichkeit; vorstehende Arbeit; weitere Erhebung; widerfahrene Straftat; zusammenfassende Kernaussage</subfield><subfield code="2">idssg-J</subfield></datafield><datafield ind1=" " ind2=" " tag="690"><subfield code="a">Deutschland C4EUGE; Vereinigte Staaten C1USA; Kanada C1CANA; Großbritannien C4EUUK; Neuseeland C8NEWZ; Niederlande C4EUNE</subfield><subfield code="2">idssg-J</subfield></datafield><datafield ind1=" " ind2=" " tag="690"><subfield code="a">Anja Sophie Meyer; B. Entwicklung; Boot Camp Absolventen; Boot Camp Absolventen Großbritannien; Boot Camp Absolventen Kanada; Boot Camp Absolventen Neuseeland; Boot Camp Insassen; Boot Camps Deutschland; C. Forderungen; D. Boot; E. Abschlussbetrachtung; Jugendhilfeeinrichtung Trainingscamp Lothar Kannenberg; Jugendlicher CENTAURUS; tabellarisch Darstellung C1; tabellarisch Darstellung C2; tabellarisch Darstellung C3; tabellarisch Darstellung C4; tabellarisch Darstellung C5; tabellarisch Darstellung C6; tabellarisch Darstellung C7; tabellarisch Darstellung C8; tabellarisch Darstellung C9; Verhalten Kinder Jugendlicher</subfield><subfield code="2">idssg-J</subfield></datafield><datafield ind1=" " ind2=" " tag="691"><subfield code="e">PC 92 D</subfield><subfield code="2">rzs-L1</subfield></datafield><datafield ind1="0" ind2="8" tag="776"><subfield code="i">Online-Ausgabe</subfield><subfield code="w">(IDSSG)000880091HSB01</subfield></datafield><datafield ind1=" " ind2="0" tag="830"><subfield code="a">Beiträge zu Kriminologie und Strafrecht</subfield><subfield code="v">4</subfield><subfield code="w">(NEBIS)004533283EBI01</subfield></datafield><datafield ind1=" " ind2="0" tag="830"><subfield code="a">Beiträge zu Kriminologie und Strafrecht</subfield><subfield code="v">4</subfield><subfield code="w">(IDSLU)000301786ILU01</subfield></datafield><datafield ind1=" " ind2="0" tag="830"><subfield code="a">Beiträge zu Kriminologie und Strafrecht</subfield><subfield code="v">4</subfield><subfield code="w">(IDSSG)000562209HSB01</subfield></datafield><datafield ind1=" " ind2="0" tag="830"><subfield code="a">Beiträge zu Kriminologie und Strafrecht</subfield><subfield code="v">4</subfield><subfield code="w">(IDSBB)004444721DSV01</subfield></datafield><datafield ind1="4" ind2=" " tag="856"><subfield code="3">Titelblatt und Inhaltsverzeichnis</subfield><subfield code="u">https://toc.library.ethz.ch/objects/pdf/z01_978-3-86226-139-0_01.pdf</subfield><subfield code="q">pdf</subfield></datafield><datafield ind1=" " ind2=" " tag="900"><subfield code="a">IDSZ2zbzmon201208p</subfield><subfield code="c">IDSZ2knec</subfield><subfield code="d">IDSZ2zbzswk201208b</subfield><subfield code="e">IDSZ2bruu</subfield></datafield><datafield ind1=" " ind2=" " tag="900"><subfield code="a">IDSZ2rwimon201209f</subfield><subfield code="c">IDSZ2paru 120906</subfield><subfield code="d">IDSZ2rwiswk201209g</subfield><subfield code="e">IDSZ2judu</subfield></datafield><datafield ind1=" " ind2=" " tag="949"><subfield code="a">https://toc.library.ethz.ch/objects/pdf/z01_978-3-86226-139-0_01.pdf</subfield></datafield></record>
</metadata></record>