<record><header><identifier>oai:alma.41SLSP_UGE:991000031469705502</identifier><datestamp>2023-06-26T00:15:31Z</datestamp><setSpec>UNIGE_ALL</setSpec></header><metadata>
<record xmlns="http://www.loc.gov/MARC21/slim" xmlns:xsi="http://www.w3.org/2001/XMLSchema-instance" xsi:schemaLocation="http://www.loc.gov/MARC21/slim http://www.loc.gov/standards/marcxml/schema/MARC21slim.xsd"><leader>02782ngm a2200493 c 4500</leader><controlfield tag="001">991000031469705502</controlfield><controlfield tag="005">20230625173128.0</controlfield><controlfield tag="007">vd |v||||</controlfield><controlfield tag="008">100304s2005    fr ||| |          v|eng d</controlfield><datafield ind1="4" ind2="2" tag="028"><subfield code="a">Z7 25394</subfield></datafield><datafield ind1="4" ind2="2" tag="028"><subfield code="a">5051889002666</subfield></datafield><datafield ind1=" " ind2=" " tag="035"><subfield code="a">(swissbib)110071697-41slsp_network</subfield></datafield><datafield ind1=" " ind2=" " tag="035"><subfield code="a">110071697</subfield><subfield code="9">ExL</subfield></datafield><datafield ind1=" " ind2=" " tag="035"><subfield code="a">(RERO)R005402029-41slsp</subfield></datafield><datafield ind1=" " ind2=" " tag="035"><subfield code="a">(EXLNZ-41SLSP_NETWORK)991008414849705501</subfield></datafield><datafield ind1=" " ind2=" " tag="040"><subfield code="a">RERO frbcuc</subfield><subfield code="d">CH-ZuSLS</subfield></datafield><datafield ind1="1" ind2=" " tag="041"><subfield code="a">fre</subfield><subfield code="a">mul</subfield><subfield code="h">eng</subfield></datafield><datafield ind1=" " ind2="7" tag="072"><subfield code="a">ba</subfield><subfield code="2">rero</subfield></datafield><datafield ind1="1" ind2=" " tag="080"><subfield code="a">791.44.071Wire1</subfield></datafield><datafield ind1="0" ind2="0" tag="245"><subfield code="a">Sur écoute</subfield><subfield code="b">intégrale saison 1</subfield><subfield code="c">créé par David Simon ; réal. par Clark Johnson ... [et al.] ; adapté pour la télévision par David Simon ... [et al.] ; histoire de David Simon &amp; Ed Burns</subfield></datafield><datafield ind1="1" ind2=" " tag="246"><subfield code="a">Wire - season 1</subfield></datafield><datafield ind1=" " ind2="1" tag="264"><subfield code="a">[Neuilly-sur-Seine]</subfield><subfield code="b">Warner Home Video France</subfield><subfield code="c">2005</subfield></datafield><datafield ind1=" " ind2=" " tag="300"><subfield code="a">5 DVD vidéo</subfield></datafield><datafield ind1=" " ind2=" " tag="336"><subfield code="b">tdi</subfield><subfield code="2">rdacontent</subfield></datafield><datafield ind1=" " ind2=" " tag="337"><subfield code="b">v</subfield><subfield code="2">rdamedia</subfield></datafield><datafield ind1=" " ind2=" " tag="338"><subfield code="b">vd</subfield><subfield code="2">rdacarrier</subfield></datafield><datafield ind1=" " ind2=" " tag="385"><subfield code="a">Dès 16 ans</subfield><subfield code="2">rero</subfield></datafield><datafield ind1=" " ind2=" " tag="500"><subfield code="a">Titre original: The wire - season 1</subfield></datafield><datafield ind1=" " ind2=" " tag="500"><subfield code="a">Une prod.: Home Box Office, cop. 2002</subfield></datafield><datafield ind1=" " ind2=" " tag="500"><subfield code="a">Choix de langues: Anglais, français. Sous-titres: Français, anglais, néerlandais, arabe, finnois, grec, hébreu, hongrois, norvégien, portugais, roumain, suédois</subfield></datafield><datafield ind1=" " ind2=" " tag="500"><subfield code="a">Durée du programme: ca. 760 min.</subfield></datafield><datafield ind1=" " ind2=" " tag="500"><subfield code="a">Fait partie d'un coffret: l'intégrale de la série (Saisons 1-5)</subfield></datafield><datafield ind1="0" ind2=" " tag="505"><subfield code="a">Disque 1: Episodes 1-3: La cible ; Le détachement ; La poudre aux yeux</subfield></datafield><datafield ind1="0" ind2=" " tag="505"><subfield code="a">Disque 2: Episodes 4-5: Histoire ancienne ; Le code</subfield></datafield><datafield ind1="0" ind2=" " tag="505"><subfield code="a">Disque 3: Episodes 6-8: Le lien ; Une arrestation ; Une affaire personnelle</subfield></datafield><datafield ind1="0" ind2=" " tag="505"><subfield code="a">Disque 4: Episodes 9-11: Quitte ou double ; Le prix fort ; La traque</subfield></datafield><datafield ind1="0" ind2=" " tag="505"><subfield code="a">Disque 5: Episodes 12-13: La purge ; Le verdict</subfield></datafield><datafield ind1="0" ind2=" " tag="511"><subfield code="a">Dominic West ; John Doman ; Idris Elba ; Frankie R. Faison ; Larry Gillard, Jr. ; Wood Harris ; Deirdre Lovejoy ; Wendell Pierce ; Lance Reddick ; Andre Royo ; Sonja Sohn ... et al.</subfield></datafield><datafield ind1="8" ind2=" " tag="520"><subfield code="a">&quot;L'action de la série se déroule à Baltimore où le racisme et les problèmes sociaux entre communautés de cette grande ville déshéritée du Maryland, à une petite heure en voiture seulement de la capitale des Etats-Unis, sont constantes. Les cinq saisons se concentrent sur un aspect différent de la ville (corruption, contrebande sur le port, luttes politiques, système éducatif et la presse) mais toujours avec comme fil conducteur le trafic de drogue.&quot;</subfield><subfield code="5">RERO/geumem/09.2017</subfield></datafield><datafield ind1=" " ind2="7" tag="655"><subfield code="a">Séries télévisées</subfield><subfield code="0">(IDREF)027553264</subfield><subfield code="2">idref</subfield></datafield><datafield ind1=" " ind2="7" tag="655"><subfield code="a">DVD</subfield><subfield code="0">(IDREF)035108444</subfield><subfield code="2">idref</subfield></datafield><datafield ind1=" " ind2="7" tag="655"><subfield code="a">Films de fiction</subfield><subfield code="0">(IDREF)14779644X</subfield><subfield code="2">idref</subfield></datafield><datafield ind1="1" ind2=" " tag="700"><subfield code="a">Simon, David</subfield><subfield code="d">1960-....</subfield><subfield code="0">(IDREF)140747788</subfield></datafield><datafield ind1="1" ind2=" " tag="700"><subfield code="a">Johnson, Clark</subfield><subfield code="d">1954-....</subfield><subfield code="0">(IDREF)194419584</subfield></datafield><datafield ind1="1" ind2=" " tag="700"><subfield code="a">Burns, Ed</subfield><subfield code="d">1946-</subfield><subfield code="0">(RERO)A017459771</subfield></datafield></record>
</metadata></record>