<record><header><identifier>oai:alma.41SLSP_UGE:991000030969705502</identifier><datestamp>2024-11-08T01:42:19Z</datestamp><setSpec>uge_bcen_RapidILL_BOOK</setSpec><setSpec>uge_aaca_RapidILL_BOOK</setSpec><setSpec>uge_abels_RapidILL_BOOK</setSpec><setSpec>uge_dbu_RapidILL_BOOK</setSpec><setSpec>uge_cmu_RapidILL_BOOK</setSpec><setSpec>uge_mail_RapidILL_BOOK</setSpec><setSpec>uge_abbat_RapidILL_BOOK</setSpec><setSpec>UNIGE_ALL</setSpec><setSpec>uge_aobs_RapidILL_BOOK</setSpec><setSpec>uge_acar_RapidILL_BOOK</setSpec></header><metadata>
<record xmlns="http://www.loc.gov/MARC21/slim" xmlns:xsi="http://www.w3.org/2001/XMLSchema-instance" xsi:schemaLocation="http://www.loc.gov/MARC21/slim http://www.loc.gov/standards/marcxml/schema/MARC21slim.xsd"><leader>01293nam a2200301 c 4500</leader><controlfield tag="001">991000030969705502</controlfield><controlfield tag="005">20241107174050.0</controlfield><controlfield tag="008">960525s1856    fr ||||| |||| 00| ||fre d</controlfield><datafield ind1=" " ind2=" " tag="035"><subfield code="a">(swissbib)077329988-41slsp_network</subfield></datafield><datafield ind1=" " ind2=" " tag="035"><subfield code="a">077329988</subfield><subfield code="9">ExL</subfield></datafield><datafield ind1=" " ind2=" " tag="035"><subfield code="a">(RERO)0154338-41slsp</subfield></datafield><datafield ind1=" " ind2=" " tag="035"><subfield code="a">(EXLNZ-41SLSP_NETWORK)991100143889705501</subfield></datafield><datafield ind1=" " ind2=" " tag="040"><subfield code="a">RERO</subfield><subfield code="d">CH-ZuSLS</subfield></datafield><datafield ind1="0" ind2=" " tag="041"><subfield code="a">fre</subfield><subfield code="a">lat</subfield></datafield><datafield ind1=" " ind2="7" tag="072"><subfield code="a">la</subfield><subfield code="2">rero</subfield></datafield><datafield ind1=" " ind2="7" tag="072"><subfield code="a">ph</subfield><subfield code="2">rero</subfield></datafield><datafield ind1="0" ind2=" " tag="100"><subfield code="a">Richard</subfield><subfield code="c">de Bury</subfield><subfield code="0">(RERO)A000014093</subfield><subfield code="4">cre</subfield></datafield><datafield ind1="1" ind2="0" tag="245"><subfield code="a">Philobiblion</subfield><subfield code="b">excellent traité sur l'amour des livres</subfield><subfield code="c">par Richard de Bury ; trad. pour la première fois en français. Précédé d'une introduction / par Hippolyte Cocheris ; et suivi du texte latin revu sur les anciennes éditions et les manuscrits de la Bibliothèque impériale</subfield></datafield><datafield ind1=" " ind2="1" tag="264"><subfield code="a">A Paris</subfield><subfield code="b">Chez Aug. Aubry</subfield><subfield code="c">1856</subfield></datafield><datafield ind1=" " ind2=" " tag="300"><subfield code="a">XLVII, 287 p.</subfield><subfield code="c">18 cm</subfield></datafield><datafield ind1=" " ind2=" " tag="336"><subfield code="b">txt</subfield><subfield code="2">rdacontent</subfield></datafield><datafield ind1=" " ind2=" " tag="337"><subfield code="b">n</subfield><subfield code="2">rdamedia</subfield></datafield><datafield ind1=" " ind2=" " tag="338"><subfield code="b">nc</subfield><subfield code="2">rdacarrier</subfield></datafield><datafield ind1="0" ind2=" " tag="490"><subfield code="a">Le trésor des pièces rares et inédites</subfield></datafield><datafield ind1="1" ind2=" " tag="700"><subfield code="a">Cocheris, Hippolyte</subfield><subfield code="c">érudit</subfield><subfield code="d">1829-1882</subfield><subfield code="0">(IDREF)030008263</subfield></datafield><datafield ind1="0" ind2="2" tag="700"><subfield code="a">Richard</subfield><subfield code="c">de Bury</subfield><subfield code="t">Philobiblon</subfield></datafield><datafield ind1="0" ind2="8" tag="776"><subfield code="i">Publié également comme</subfield><subfield code="n">édition en ligne</subfield><subfield code="t">Philobiblion</subfield><subfield code="w">991171983359805501</subfield></datafield><datafield ind1="4" ind2="1" tag="856"><subfield code="u">http://books.google.ch/books?vid=BCUL1094405318</subfield><subfield code="z">Extraits?</subfield><subfield code="z">Googlos 2007-2009</subfield></datafield><datafield ind1=" " ind2=" " tag="900"><subfield code="a">REROnoselfmerge</subfield></datafield></record>
</metadata></record>