<record><header><identifier>oai:alma.41SLSP_UGE:991000031489705502</identifier><datestamp>2023-03-01T01:09:05Z</datestamp><setSpec>uge_bcen_RapidILL_BOOK</setSpec><setSpec>uge_aaca_RapidILL_BOOK</setSpec><setSpec>uge_abels_RapidILL_BOOK</setSpec><setSpec>uge_dbu_RapidILL_BOOK</setSpec><setSpec>uge_cmu_RapidILL_BOOK</setSpec><setSpec>uge_mail_RapidILL_BOOK</setSpec><setSpec>UNIGE_ALL</setSpec><setSpec>uge_abbat_RapidILL_BOOK</setSpec><setSpec>uge_aobs_RapidILL_BOOK</setSpec><setSpec>uge_acar_RapidILL_BOOK</setSpec></header><metadata>
<record xmlns="http://www.loc.gov/MARC21/slim" xmlns:xsi="http://www.w3.org/2001/XMLSchema-instance" xsi:schemaLocation="http://www.loc.gov/MARC21/slim http://www.loc.gov/standards/marcxml/schema/MARC21slim.xsd"><leader>01754nam a2200337 c 4500</leader><controlfield tag="001">991000031489705502</controlfield><controlfield tag="005">20201225183556.0</controlfield><controlfield tag="008">911121s1991    ne ||||| |||| 00| ||eng d</controlfield><datafield ind1=" " ind2=" " tag="020"><subfield code="a">9004090916</subfield></datafield><datafield ind1="7" ind2=" " tag="024"><subfield code="a">http://catalogue.bnf.fr/ark:/12148/cb35528951n</subfield><subfield code="2">uri</subfield></datafield><datafield ind1=" " ind2=" " tag="035"><subfield code="a">(swissbib)086090682-41slsp_network</subfield></datafield><datafield ind1=" " ind2=" " tag="035"><subfield code="a">086090682</subfield><subfield code="9">ExL</subfield></datafield><datafield ind1=" " ind2=" " tag="035"><subfield code="a">(RERO)1457834-41slsp</subfield></datafield><datafield ind1=" " ind2=" " tag="035"><subfield code="a">(EXLNZ-41SLSP_NETWORK)991085366949705501</subfield></datafield><datafield ind1=" " ind2=" " tag="040"><subfield code="a">RERO frbcuc</subfield><subfield code="d">CH-ZuSLS</subfield></datafield><datafield ind1="0" ind2=" " tag="041"><subfield code="a">eng</subfield><subfield code="a">syr</subfield></datafield><datafield ind1=" " ind2="7" tag="072"><subfield code="a">th</subfield><subfield code="2">rero</subfield></datafield><datafield ind1="1" ind2=" " tag="080"><subfield code="a">221.044</subfield></datafield><datafield ind1="0" ind2="0" tag="245"><subfield code="a">&lt;&lt;The&gt;&gt; Old Testament in Syriac according to the Peshiṭta version</subfield><subfield code="c">ed. on behalf of the International Organization for the Study of the Old Testament by The Peshiṭta Institute Leiden.</subfield><subfield code="n">Part 1, fasc. 2; part 2, fasc. 1b</subfield><subfield code="p">Leviticus</subfield><subfield code="p">Numbers</subfield><subfield code="p">Deuteronomy</subfield><subfield code="p">Joshua / prep. by D.J. Lane ... [et al.] = Vetus Testamentum Syriace iuxta simplicem syrorum versionem / ex auctoritate Societatis ad studia librorum Veteris Testamenti provehenda edidit Institutum Peshittonianum Leidense. Part 1, fasc. 2; part 2, fasc. 1b, Leviticus ; Numeri ; Deuteronomium ; Iosue</subfield></datafield><datafield ind1=" " ind2="1" tag="264"><subfield code="a">Leiden</subfield><subfield code="b">E.J. Brill</subfield><subfield code="c">1991</subfield></datafield><datafield ind1=" " ind2=" " tag="300"><subfield code="a">1 vol. (pagination multiple).</subfield><subfield code="c">28 cm</subfield></datafield><datafield ind1=" " ind2=" " tag="336"><subfield code="b">txt</subfield><subfield code="2">rdacontent</subfield></datafield><datafield ind1=" " ind2=" " tag="337"><subfield code="b">n</subfield><subfield code="2">rdamedia</subfield></datafield><datafield ind1=" " ind2=" " tag="338"><subfield code="b">nc</subfield><subfield code="2">rdacarrier</subfield></datafield><datafield ind1=" " ind2=" " tag="500"><subfield code="a">La couverture porte: Pt. I, fasc. 2: Leviticus ; Numbers ; Deuteronomy. Pt. II, fasc. 1b: Joshua</subfield></datafield><datafield ind1="1" ind2=" " tag="700"><subfield code="a">Lane, David J</subfield><subfield code="0">(IDREF)087664844</subfield></datafield><datafield ind1="0" ind2=" " tag="730"><subfield code="a">Bible</subfield><subfield code="n">008</subfield><subfield code="p">A.T</subfield><subfield code="p">Lévitique</subfield><subfield code="l">Syriaque</subfield></datafield><datafield ind1="0" ind2=" " tag="730"><subfield code="a">Bible</subfield><subfield code="n">009</subfield><subfield code="p">A.T</subfield><subfield code="p">Nombres</subfield><subfield code="l">Syriaque</subfield></datafield><datafield ind1="0" ind2=" " tag="730"><subfield code="a">Bible</subfield><subfield code="n">010</subfield><subfield code="p">A.T</subfield><subfield code="p">Deutéronome</subfield><subfield code="l">Syriaque</subfield></datafield><datafield ind1="0" ind2=" " tag="730"><subfield code="a">Bible</subfield><subfield code="n">012</subfield><subfield code="p">A.T</subfield><subfield code="p">Josué</subfield><subfield code="l">Syriaque</subfield></datafield><datafield ind1=" " ind2=" " tag="830"><subfield code="a">&lt;&lt;The&gt;&gt; Old Testament in Syriac according to the Peshiṭta version</subfield><subfield code="v">1/2</subfield><subfield code="w">(RERO)0566299-41slsp</subfield></datafield><datafield ind1=" " ind2=" " tag="900"><subfield code="a">REROnoselfmerge</subfield></datafield></record>
</metadata></record>