<record><header><identifier>oai:alma.41SLSP_UGE:991000031179705502</identifier><datestamp>2024-03-08T01:26:17Z</datestamp><setSpec>uge_bcen_RapidILL_BOOK</setSpec><setSpec>uge_aaca_RapidILL_BOOK</setSpec><setSpec>uge_abels_RapidILL_BOOK</setSpec><setSpec>uge_dbu_RapidILL_BOOK</setSpec><setSpec>uge_cmu_RapidILL_BOOK</setSpec><setSpec>uge_mail_RapidILL_BOOK</setSpec><setSpec>uge_abbat_RapidILL_BOOK</setSpec><setSpec>UNIGE_ALL</setSpec><setSpec>uge_acar_RapidILL_BOOK</setSpec><setSpec>uge_aobs_RapidILL_BOOK</setSpec></header><metadata>
<record xmlns="http://www.loc.gov/MARC21/slim" xmlns:xsi="http://www.w3.org/2001/XMLSchema-instance" xsi:schemaLocation="http://www.loc.gov/MARC21/slim http://www.loc.gov/standards/marcxml/schema/MARC21slim.xsd"><leader>01570nam a2200397 c 4500</leader><controlfield tag="001">991000031179705502</controlfield><controlfield tag="005">20240307231137.0</controlfield><controlfield tag="008">201011s1912    gw ||||| |||| 00| ||akk d</controlfield><datafield ind1=" " ind2=" " tag="035"><subfield code="a">(swissbib)223322288-41slsp_network</subfield></datafield><datafield ind1=" " ind2=" " tag="035"><subfield code="a">223322288</subfield><subfield code="9">ExL</subfield></datafield><datafield ind1=" " ind2=" " tag="035"><subfield code="a">(RERO)0827065-41slsp</subfield></datafield><datafield ind1=" " ind2=" " tag="035"><subfield code="a">(IDSBB)001028656DSV01</subfield></datafield><datafield ind1=" " ind2=" " tag="035"><subfield code="a">(NEBIS)003104066EBI01</subfield></datafield><datafield ind1=" " ind2=" " tag="035"><subfield code="a">(ABN)000415611ABN01</subfield></datafield><datafield ind1=" " ind2=" " tag="035"><subfield code="a">(EXLNZ-41SLSP_NETWORK)991120158299705501</subfield></datafield><datafield ind1=" " ind2=" " tag="040"><subfield code="a">RERO labcud</subfield><subfield code="d">CH-ZuSLS</subfield></datafield><datafield ind1="0" ind2=" " tag="041"><subfield code="a">akk</subfield><subfield code="a">ger</subfield></datafield><datafield ind1=" " ind2="7" tag="072"><subfield code="a">th</subfield><subfield code="2">rero</subfield></datafield><datafield ind1=" " ind2="7" tag="072"><subfield code="a">th</subfield><subfield code="2">SzZuIDS BS/BE</subfield></datafield><datafield ind1="0" ind2="0" tag="245"><subfield code="a">&lt;&lt;Die&gt;&gt; neubabylonischen Königsinschriften</subfield><subfield code="c">bearb. von Stephen Langdon ; aus dem Englischen übers. von Rudolf Zehnpfund</subfield></datafield><datafield ind1=" " ind2="1" tag="264"><subfield code="a">Leipzig</subfield><subfield code="b">J. C. Hinrichs</subfield><subfield code="c">1912</subfield></datafield><datafield ind1=" " ind2=" " tag="300"><subfield code="a">VI, 376 p.</subfield><subfield code="c">23 cm</subfield></datafield><datafield ind1=" " ind2=" " tag="336"><subfield code="b">txt</subfield><subfield code="2">rdacontent</subfield></datafield><datafield ind1=" " ind2=" " tag="337"><subfield code="b">n</subfield><subfield code="2">rdamedia</subfield></datafield><datafield ind1=" " ind2=" " tag="338"><subfield code="b">nc</subfield><subfield code="2">rdacarrier</subfield></datafield><datafield ind1="1" ind2=" " tag="490"><subfield code="a">Vorderasiatische Bibliothek</subfield><subfield code="v">Stück 4</subfield></datafield><datafield ind1=" " ind2=" " tag="500"><subfield code="a">Der vorliegende Band umfasst alle bis zu seinem Erscheinen bekannt gewordenen Inschriften der Könige des Neubabylonischen Reiches</subfield></datafield><datafield ind1=" " ind2="7" tag="650"><subfield code="a">roi</subfield><subfield code="0">(RERO)A009952129</subfield><subfield code="2">rerovoc</subfield></datafield><datafield ind1=" " ind2="7" tag="650"><subfield code="a">Inscriptions babyloniennes</subfield><subfield code="0">(RERO)A027725686</subfield><subfield code="2">rero</subfield></datafield><datafield ind1="1" ind2=" " tag="700"><subfield code="a">Langdon, Stephen</subfield><subfield code="d">1876-1937</subfield><subfield code="0">(DE-588)121281396</subfield></datafield><datafield ind1="1" ind2=" " tag="700"><subfield code="a">Langdon, Stephen</subfield><subfield code="d">1876-1937</subfield><subfield code="0">(IDREF)074541730</subfield></datafield><datafield ind1="1" ind2=" " tag="700"><subfield code="a">Zehnpfund, Rudolf</subfield><subfield code="d">1867-....</subfield><subfield code="0">(IDREF)133677796</subfield></datafield><datafield ind1=" " ind2="0" tag="830"><subfield code="a">Vorderasiatische Bibliothek</subfield><subfield code="v">4</subfield><subfield code="w">(IDSBB)000822267DSV01</subfield></datafield><datafield ind1=" " ind2="0" tag="830"><subfield code="a">Vorderasiatische Bibliothek</subfield><subfield code="v">4</subfield><subfield code="w">(RERO)0741165-41slsp</subfield></datafield><datafield ind1=" " ind2=" " tag="900"><subfield code="a">REROnoselfmerge</subfield></datafield><datafield ind1=" " ind2=" " tag="900"><subfield code="a">IDSZRMedeaZBZ</subfield><subfield code="b">IDSZRReiheP</subfield></datafield><datafield ind1=" " ind2=" " tag="900"><subfield code="a">IDSZRMedeaZBZ</subfield><subfield code="b">IDSZRSWK</subfield></datafield></record>
</metadata></record>