<record><header><identifier>oai:alma.41SLSP_UGE:991000031279705502</identifier><datestamp>2024-05-18T01:37:33Z</datestamp><setSpec>uge_bcen_RapidILL_BOOK</setSpec><setSpec>uge_aaca_RapidILL_BOOK</setSpec><setSpec>uge_abels_RapidILL_BOOK</setSpec><setSpec>uge_dbu_RapidILL_BOOK</setSpec><setSpec>uge_cmu_RapidILL_BOOK</setSpec><setSpec>uge_mail_RapidILL_BOOK</setSpec><setSpec>uge_abbat_RapidILL_BOOK</setSpec><setSpec>UNIGE_ALL</setSpec><setSpec>uge_aobs_RapidILL_BOOK</setSpec><setSpec>uge_acar_RapidILL_BOOK</setSpec></header><metadata>
<record xmlns="http://www.loc.gov/MARC21/slim" xmlns:xsi="http://www.w3.org/2001/XMLSchema-instance" xsi:schemaLocation="http://www.loc.gov/MARC21/slim http://www.loc.gov/standards/marcxml/schema/MARC21slim.xsd"><leader>03444nam a2200805 c 4500</leader><controlfield tag="001">991000031279705502</controlfield><controlfield tag="005">20230206215729.0</controlfield><controlfield tag="007">tu</controlfield><controlfield tag="008">201011t20172017gw ||||| |||| 10| ||ger| </controlfield><datafield ind1=" " ind2=" " tag="015"><subfield code="a">17,A42</subfield><subfield code="z">17,N23</subfield><subfield code="2">dnb</subfield></datafield><datafield ind1="7" ind2=" " tag="016"><subfield code="a">1132826373</subfield><subfield code="2">DE-101</subfield></datafield><datafield ind1=" " ind2=" " tag="020"><subfield code="a">3374050921</subfield></datafield><datafield ind1=" " ind2=" " tag="020"><subfield code="a">9783374050925</subfield><subfield code="q">pbk.</subfield><subfield code="c">EUR 48.00 (DE), EUR 49.40 (AT)</subfield></datafield><datafield ind1="3" ind2=" " tag="024"><subfield code="a">9783374050925</subfield></datafield><datafield ind1=" " ind2=" " tag="035"><subfield code="a">(swissbib)216004098-41slsp_network</subfield></datafield><datafield ind1=" " ind2=" " tag="035"><subfield code="a">216004098</subfield><subfield code="9">ExL</subfield></datafield><datafield ind1=" " ind2=" " tag="035"><subfield code="a">(IDSBB)006762423DSV01</subfield></datafield><datafield ind1=" " ind2=" " tag="035"><subfield code="a">(NEBIS)011072003EBI01</subfield></datafield><datafield ind1=" " ind2=" " tag="035"><subfield code="a">(RERO)R008699226-41slsp</subfield></datafield><datafield ind1=" " ind2=" " tag="035"><subfield code="a">(IDSLU)001300241ILU01</subfield></datafield><datafield ind1=" " ind2=" " tag="035"><subfield code="a">(DE-599)DNB1132826373</subfield></datafield><datafield ind1=" " ind2=" " tag="035"><subfield code="a">(OCoLC)989773896</subfield></datafield><datafield ind1=" " ind2=" " tag="035"><subfield code="a">(EXLNZ-41SLSP_NETWORK)991095422949705501</subfield></datafield><datafield ind1=" " ind2=" " tag="040"><subfield code="a">GWDNB</subfield><subfield code="b">ger</subfield><subfield code="e">rda</subfield><subfield code="d">CH-ZuSLS</subfield></datafield><datafield ind1=" " ind2=" " tag="044"><subfield code="c">XA-DE-SN</subfield></datafield><datafield ind1=" " ind2="7" tag="072"><subfield code="a">th</subfield><subfield code="2">rero</subfield></datafield><datafield ind1=" " ind2="7" tag="072"><subfield code="a">730</subfield><subfield code="2">IDS LU</subfield></datafield><datafield ind1="1" ind2=" " tag="080"><subfield code="a">22.061</subfield></datafield><datafield ind1="0" ind2="4" tag="082"><subfield code="a">230</subfield><subfield code="2">23</subfield></datafield><datafield ind1="0" ind2="4" tag="082"><subfield code="a">221.6</subfield><subfield code="2">22/ger</subfield><subfield code="q">DE-101</subfield></datafield><datafield ind1="1" ind2="4" tag="082"><subfield code="a">220</subfield><subfield code="2">15</subfield></datafield><datafield ind1="7" ind2=" " tag="083"><subfield code="a">220</subfield><subfield code="q">DE-101</subfield><subfield code="2">23sdnb</subfield></datafield><datafield ind1=" " ind2=" " tag="084"><subfield code="a">230</subfield><subfield code="2">sdnb</subfield></datafield><datafield ind1=" " ind2=" " tag="084"><subfield code="a">BC 6255</subfield><subfield code="2">rvk</subfield></datafield><datafield ind1=" " ind2=" " tag="084"><subfield code="a">220</subfield><subfield code="2">sdnb</subfield></datafield><datafield ind1=" " ind2=" " tag="084"><subfield code="a">BC 6200</subfield><subfield code="2">rvk</subfield></datafield><datafield ind1=" " ind2=" " tag="085"><subfield code="b">221</subfield></datafield><datafield ind1=" " ind2=" " tag="085"><subfield code="s">220.6</subfield></datafield><datafield ind1="2" ind2=" " tag="111"><subfield code="a">Hermeneutik des Alten Testaments</subfield><subfield code="g">Veranstaltung</subfield><subfield code="d">2016</subfield><subfield code="c">Berlin</subfield><subfield code="0">(DE-588)1152424106</subfield></datafield><datafield ind1="1" ind2="0" tag="245"><subfield code="a">Hermeneutik des Alten Testaments</subfield><subfield code="c">herausgegeben von Markus Witte und Jan C. Gertz</subfield></datafield><datafield ind1=" " ind2=" " tag="250"><subfield code="a">1. Auflage</subfield></datafield><datafield ind1=" " ind2="1" tag="264"><subfield code="a">Leipzig</subfield><subfield code="b">Evangelische Verlagsanstalt</subfield><subfield code="c">[2017]</subfield></datafield><datafield ind1=" " ind2="4" tag="264"><subfield code="c">© 2017</subfield></datafield><datafield ind1=" " ind2=" " tag="300"><subfield code="a">220 Seiten</subfield><subfield code="c">23 cm x 15.5 cm</subfield></datafield><datafield ind1=" " ind2=" " tag="336"><subfield code="b">txt</subfield><subfield code="2">rdacontent</subfield></datafield><datafield ind1=" " ind2=" " tag="337"><subfield code="b">n</subfield><subfield code="2">rdamedia</subfield></datafield><datafield ind1=" " ind2=" " tag="338"><subfield code="b">nc</subfield><subfield code="2">rdacarrier</subfield></datafield><datafield ind1="1" ind2=" " tag="490"><subfield code="a">Veröffentlichungen der Wissenschaftlichen Gesellschaft für Theologie</subfield><subfield code="v">Band 47</subfield></datafield><datafield ind1=" " ind2=" " tag="500"><subfield code="a">&quot;Die Beiträge gehen auf eine Tagung der Fachgruppe Altes Testament in der Wissenschaftlichen Gesellschaft für Theologie e.V. zurück, die diese im Februar 2016 an der Humboldt-Universität zu Berlin veranstaltet hat.&quot; -- Vorwort</subfield></datafield><datafield ind1="0" ind2="7" tag="630"><subfield code="a">Bible</subfield><subfield code="p">AT</subfield><subfield code="0">(RERO)A009967307</subfield><subfield code="2">rero</subfield></datafield><datafield ind1="0" ind2="7" tag="630"><subfield code="a">Bibel</subfield><subfield code="p">Altes Testament</subfield><subfield code="0">(DE-588)4001515-4</subfield><subfield code="2">gnd</subfield></datafield><datafield ind1=" " ind2="7" tag="650"><subfield code="a">Herméneutique</subfield><subfield code="0">(IDREF)027233707</subfield><subfield code="2">idref</subfield></datafield><datafield ind1=" " ind2="7" tag="650"><subfield code="a">Théologie</subfield><subfield code="0">(IDREF)027488446</subfield><subfield code="2">idref</subfield></datafield><datafield ind1=" " ind2="7" tag="650"><subfield code="a">Exégèse</subfield><subfield code="0">(IDREF)027791114</subfield><subfield code="2">idref</subfield></datafield><datafield ind1=" " ind2="7" tag="650"><subfield code="a">Exegese</subfield><subfield code="0">(DE-588)4015950-4</subfield><subfield code="2">gnd</subfield></datafield><datafield ind1=" " ind2="7" tag="650"><subfield code="a">Hermeneutik</subfield><subfield code="0">(DE-588)4128972-9</subfield><subfield code="2">gnd</subfield></datafield><datafield ind1=" " ind2="7" tag="655"><subfield code="a">Actes de congrès</subfield><subfield code="0">(IDREF)02886431X</subfield><subfield code="2">idref</subfield></datafield><datafield ind1=" " ind2="7" tag="655"><subfield code="a">Konferenzschrift</subfield><subfield code="z">Berlin</subfield><subfield code="y">2016</subfield><subfield code="2">gnd-content</subfield></datafield><datafield ind1="1" ind2=" " tag="700"><subfield code="a">Gertz, Jan Christian</subfield><subfield code="d">1964-....</subfield><subfield code="e">Herausgeber</subfield><subfield code="0">(DE-588)114406685</subfield><subfield code="4">edt</subfield></datafield><datafield ind1="1" ind2=" " tag="700"><subfield code="a">Gertz, Jan Christian</subfield><subfield code="d">1964-</subfield><subfield code="0">(IDREF)033572682</subfield></datafield><datafield ind1="1" ind2=" " tag="700"><subfield code="a">Witte, Markus</subfield><subfield code="d">1964-</subfield><subfield code="0">(DE-588)122951883</subfield><subfield code="e">Herausgeber</subfield><subfield code="4">edt</subfield><subfield code="6">880-02</subfield></datafield><datafield ind1="1" ind2=" " tag="880"><subfield code="6">700-02</subfield><subfield code="a">Witte, Markus</subfield><subfield code="d">1964-....</subfield><subfield code="0">(IDREF)033835632</subfield></datafield><datafield ind1="2" ind2=" " tag="710"><subfield code="a">Wissenschaftliche Gesellschaft für Theologie</subfield><subfield code="b">Fachgruppe Altes Testament</subfield><subfield code="0">(DE-588)1076362745</subfield><subfield code="e">Veranstalter</subfield><subfield code="4">orm</subfield></datafield><datafield ind1="4" ind2=" " tag="856"><subfield code="3">Titelblatt und Inhaltsverzeichnis</subfield><subfield code="u">https://toc.library.ethz.ch/objects/pdf03/z01_978-3-374-05092-5_01.pdf</subfield><subfield code="q">pdf</subfield></datafield><datafield ind1=" " ind2=" " tag="830"><subfield code="a">Veröffentlichungen der Wissenschaftlichen Gesellschaft für Theologie</subfield><subfield code="v">47</subfield><subfield code="w">(RERO)1452955-41slsp</subfield></datafield><datafield ind1=" " ind2=" " tag="830"><subfield code="a">Veröffentlichungen der Wissenschaftlichen Gesellschaft für Theologie</subfield><subfield code="v">47</subfield><subfield code="w">(IDSBB)000417354DSV01</subfield></datafield><datafield ind1=" " ind2=" " tag="900"><subfield code="a">IDSDSStoppsignal FRED</subfield></datafield><datafield ind1=" " ind2=" " tag="900"><subfield code="a">IDSZ2zbzmon201802l</subfield><subfield code="c">IDSZ2sage</subfield><subfield code="d">IDSZ2zbzswk201802g</subfield><subfield code="e">IDSZ2schu</subfield></datafield><datafield ind1=" " ind2=" " tag="900"><subfield code="a">REROnoselfmerge</subfield></datafield><datafield ind1=" " ind2=" " tag="910"><subfield code="a">DNB</subfield><subfield code="b">20170911</subfield></datafield><datafield ind1=" " ind2=" " tag="949"><subfield code="a">https://toc.library.ethz.ch/objects/pdf03/z01_978-3-374-05092-5_01.pdf</subfield></datafield></record>
</metadata></record>