<record><header><identifier>oai:alma.41SLSP_UGE:991000030879705502</identifier><datestamp>2024-09-13T00:26:52Z</datestamp><setSpec>uge_bcen_RapidILL_BOOK</setSpec><setSpec>uge_aaca_RapidILL_BOOK</setSpec><setSpec>uge_abels_RapidILL_BOOK</setSpec><setSpec>uge_dbu_RapidILL_BOOK</setSpec><setSpec>uge_cmu_RapidILL_BOOK</setSpec><setSpec>uge_mail_RapidILL_BOOK</setSpec><setSpec>uge_abbat_RapidILL_BOOK</setSpec><setSpec>UNIGE_ALL</setSpec><setSpec>uge_acar_RapidILL_BOOK</setSpec><setSpec>uge_aobs_RapidILL_BOOK</setSpec></header><metadata>
<record xmlns="http://www.loc.gov/MARC21/slim" xmlns:xsi="http://www.w3.org/2001/XMLSchema-instance" xsi:schemaLocation="http://www.loc.gov/MARC21/slim http://www.loc.gov/standards/marcxml/schema/MARC21slim.xsd"><leader>02572nam a2200361 c 4500</leader><controlfield tag="001">991000030879705502</controlfield><controlfield tag="005">20240912181135.0</controlfield><controlfield tag="008">201011s1998    sz ||||| m||| 00| ||fre d</controlfield><datafield ind1=" " ind2=" " tag="019"><subfield code="a">Cette notice décrit l'exemplaire de thèse.</subfield><subfield code="5">RERO/geudbu/12.1998</subfield></datafield><datafield ind1=" " ind2=" " tag="035"><subfield code="a">(swissbib)226724514-41slsp_network</subfield></datafield><datafield ind1=" " ind2=" " tag="035"><subfield code="a">226724514</subfield><subfield code="9">ExL</subfield></datafield><datafield ind1=" " ind2=" " tag="035"><subfield code="a">(RERO)R240686960-41slsp</subfield></datafield><datafield ind1=" " ind2=" " tag="035"><subfield code="a">(NEBIS)001973249EBI01</subfield></datafield><datafield ind1=" " ind2=" " tag="035"><subfield code="a">(EXLNZ-41SLSP_NETWORK)991006606419705501</subfield></datafield><datafield ind1=" " ind2=" " tag="040"><subfield code="a">RERO geudbu</subfield><subfield code="d">CH-ZuSLS</subfield></datafield><datafield ind1=" " ind2=" " tag="044"><subfield code="a">sz</subfield><subfield code="c">ch-ge</subfield></datafield><datafield ind1=" " ind2="7" tag="072"><subfield code="a">me</subfield><subfield code="2">rero</subfield></datafield><datafield ind1="1" ind2=" " tag="100"><subfield code="a">Toutoungi, Mohamed</subfield><subfield code="d">1948-....</subfield><subfield code="0">(IDREF)034226990</subfield><subfield code="4">cre</subfield></datafield><datafield ind1="1" ind2="0" tag="245"><subfield code="a">Psychotropes et sexualité</subfield><subfield code="b">approche pratique</subfield><subfield code="c">par Mohamed Toutoungi</subfield></datafield><datafield ind1=" " ind2="1" tag="264"><subfield code="a">Genève</subfield><subfield code="b">Médecine &amp; hygiène</subfield><subfield code="c">1998</subfield></datafield><datafield ind1=" " ind2=" " tag="300"><subfield code="a">40 f.</subfield><subfield code="b">ill.</subfield><subfield code="c">30 cm</subfield></datafield><datafield ind1=" " ind2=" " tag="336"><subfield code="b">txt</subfield><subfield code="2">rdacontent</subfield></datafield><datafield ind1=" " ind2=" " tag="337"><subfield code="b">n</subfield><subfield code="2">rdamedia</subfield></datafield><datafield ind1=" " ind2=" " tag="338"><subfield code="b">nc</subfield><subfield code="2">rdacarrier</subfield></datafield><datafield ind1=" " ind2=" " tag="500"><subfield code="a">Am Kopf der Titelseite: Université de Genève, Faculté de Médecine, Département APSIC (Anesthésiologie, Pharmacologie et Soins Intensifs Chirurgicaux), Division de Pharmacologie</subfield></datafield><datafield ind1=" " ind2=" " tag="502"><subfield code="a">Th. méd. Genève, 1998 ; Méd. 9973</subfield></datafield><datafield ind1=" " ind2=" " tag="508"><subfield code="a">Directeur de thèse: Professeur Michel Schorderet</subfield></datafield><datafield ind1="8" ind2=" " tag="520"><subfield code="a">Les troubles psychiatriques s'accompagnent souvent de dysfonctionnements sexuels. Il est difficile de préciser si ceux-ci font partie du tableau clinique ou s'ils reflètent un autre phénomène. Prescrits dans les troubles dysthymiques, les inhibiteurs spécifiques de la recapture de la sérotonine provoquent souvent ces dysfonctionnements ; ceci n'est pas le cas avec les antidépresseurs tricycliques et les inhibiteurs réversibles de la monoamine oxidase-A</subfield><subfield code="5">RERO/geudbu/12.1998</subfield></datafield><datafield ind1="8" ind2=" " tag="520"><subfield code="a">Les régulateurs de l'humeur ont peu d'influence. Les neuroleptiques typiques provoquent très fréquemment ces troubles. Les hypnotiques et les anxiolytiques sont en principe inoffensifs</subfield><subfield code="5">RERO/geudbu/12.1998</subfield></datafield><datafield ind1="8" ind2=" " tag="520"><subfield code="a">Les psychotropes sont parfois utilisés dans certains dysfonctionnements sexuels sans troubles psychiatriques. Ainsi, les antidépresseurs sont prescrits dans la baisse du désir, la dysérection, l'éjaculation prématurée et l'anorgasmie. Par contre, ils sont inefficaces dans les paraphilies</subfield><subfield code="5">RERO/geudbu/12.1998</subfield></datafield><datafield ind1="8" ind2=" " tag="520"><subfield code="a">Dans le contexte des traitements psychiatriques, on s'intéresse de plus en plus à la santé sexuelle des patients. L'argumentation commerciale est désormais axée sur l'absence présumée d'effets indésirables sexuels des psychotropes</subfield><subfield code="5">RERO/geudbu/12.1998</subfield></datafield><datafield ind1=" " ind2="2" tag="655"><subfield code="a">Academic Dissertation</subfield></datafield><datafield ind1=" " ind2="7" tag="655"><subfield code="a">Hochschulschrift</subfield><subfield code="2">gnd-content</subfield></datafield><datafield ind1=" " ind2=" " tag="900"><subfield code="a">REROnoselfmerge</subfield></datafield></record>
</metadata></record>