<record><header><identifier>oai:alma.41SLSP_UGE:991000030979705502</identifier><datestamp>2023-05-03T00:58:41Z</datestamp><setSpec>uge_bcen_RapidILL_BOOK</setSpec><setSpec>uge_aaca_RapidILL_BOOK</setSpec><setSpec>uge_abels_RapidILL_BOOK</setSpec><setSpec>uge_dbu_RapidILL_BOOK</setSpec><setSpec>uge_cmu_RapidILL_BOOK</setSpec><setSpec>uge_mail_RapidILL_BOOK</setSpec><setSpec>uge_abbat_RapidILL_BOOK</setSpec><setSpec>UNIGE_ALL</setSpec><setSpec>uge_aobs_RapidILL_BOOK</setSpec><setSpec>uge_acar_RapidILL_BOOK</setSpec></header><metadata>
<record xmlns="http://www.loc.gov/MARC21/slim" xmlns:xsi="http://www.w3.org/2001/XMLSchema-instance" xsi:schemaLocation="http://www.loc.gov/MARC21/slim http://www.loc.gov/standards/marcxml/schema/MARC21slim.xsd"><leader>03727nam a2200349 c 4500</leader><controlfield tag="001">991000030979705502</controlfield><controlfield tag="005">20230502193235.0</controlfield><controlfield tag="008">000913s1998    ru ||||| |||| 01| ||rus d</controlfield><datafield ind1=" " ind2=" " tag="020"><subfield code="a">5860071256</subfield></datafield><datafield ind1=" " ind2=" " tag="035"><subfield code="a">(swissbib)094097909-41slsp_network</subfield></datafield><datafield ind1=" " ind2=" " tag="035"><subfield code="a">094097909</subfield><subfield code="9">ExL</subfield></datafield><datafield ind1=" " ind2=" " tag="035"><subfield code="a">(RERO)R243360060-41slsp</subfield></datafield><datafield ind1=" " ind2=" " tag="035"><subfield code="a">(EXLNZ-41SLSP_NETWORK)991082208999705501</subfield></datafield><datafield ind1=" " ind2=" " tag="040"><subfield code="a">RERO geulru</subfield><subfield code="d">CH-ZuSLS</subfield></datafield><datafield ind1=" " ind2="7" tag="072"><subfield code="a">ru</subfield><subfield code="2">rero</subfield></datafield><datafield ind1="0" ind2="0" tag="245"><subfield code="6">880-01</subfield><subfield code="a">Rossii︠a︡ v XIX-XX vv</subfield><subfield code="b">sbornik stateĭ k 70-letii︠u︡ so dni︠a︡ rozhdenii︠a︡ Rafaila Sholomovicha Ganelina</subfield><subfield code="c">Rossiĭskai︠a︡ Akademii︠a︡ Nauk, Institut rossiĭskoĭ istorii, Sankt-Peterburgskiĭ filial ; pod red. A.A. Fursenko</subfield></datafield><datafield ind1="0" ind2="0" tag="880"><subfield code="6">245-01/(N</subfield><subfield code="a">Россия в XIX-XX вв</subfield><subfield code="b">сборник статей к 70-летию со дня рождения Рафаила Шоломовича Ганелина</subfield><subfield code="c">Российская Академия Наук, Институт российской истории, Санкт-Петербургский филиал ; под ред. А.А. Фурсенко</subfield></datafield><datafield ind1="1" ind2=" " tag="246"><subfield code="a">Rossija v XIX-XX vv</subfield><subfield code="b">sbornik statej k 70-letiju so dnja roždenija Rafaila Šolomoviča Ganelina / Rossijskaja Akademija Nauk, Institut rossijskoj istorii, Sankt-Peterburgskij filial ; pod red. A.A. Fursenko</subfield></datafield><datafield ind1=" " ind2="1" tag="264"><subfield code="6">880-02</subfield><subfield code="a">S.-Peterburg</subfield><subfield code="b">D. Bulanin</subfield><subfield code="c">1998</subfield></datafield><datafield ind1=" " ind2="1" tag="880"><subfield code="6">264-02/(N</subfield><subfield code="a">С.-Петербург</subfield><subfield code="b">Д. Буланин</subfield><subfield code="c">1998</subfield></datafield><datafield ind1=" " ind2=" " tag="300"><subfield code="a">388 p.</subfield><subfield code="b">ill.</subfield><subfield code="c">24 cm</subfield></datafield><datafield ind1=" " ind2=" " tag="336"><subfield code="b">txt</subfield><subfield code="2">rdacontent</subfield></datafield><datafield ind1=" " ind2=" " tag="337"><subfield code="b">n</subfield><subfield code="2">rdamedia</subfield></datafield><datafield ind1=" " ind2=" " tag="338"><subfield code="b">nc</subfield><subfield code="2">rdacarrier</subfield></datafield><datafield ind1=" " ind2="7" tag="650"><subfield code="a">19e siècle-20e siècle</subfield><subfield code="2">idref</subfield></datafield><datafield ind1=" " ind2="7" tag="651"><subfield code="a">Russie</subfield><subfield code="0">(IDREF)027342395</subfield><subfield code="2">idref</subfield></datafield><datafield ind1="1" ind2=" " tag="700"><subfield code="6">880-03</subfield><subfield code="a">Fursenko, Aleksandr A</subfield><subfield code="0">(IDREF)073252220</subfield></datafield><datafield ind1="1" ind2=" " tag="880"><subfield code="6">700-03/(N</subfield><subfield code="a">Фурсенко, Александр А</subfield></datafield><datafield ind1="1" ind2=" " tag="700"><subfield code="6">880-04</subfield><subfield code="a">Ganelin, Rafail Šolomovič</subfield><subfield code="d">1926-2014</subfield><subfield code="0">(IDREF)077763963</subfield></datafield><datafield ind1="1" ind2=" " tag="880"><subfield code="6">700-04/(N</subfield><subfield code="a">Ганелин, Рафаил Шоломович</subfield></datafield><datafield ind1="2" ind2=" " tag="710"><subfield code="6">880-05</subfield><subfield code="a">Institut rossijskoj istorii</subfield><subfield code="g">Russie, Fédération</subfield><subfield code="0">(IDREF)031516734</subfield></datafield><datafield ind1="2" ind2=" " tag="880"><subfield code="6">710-05/(N</subfield><subfield code="a">Российская академия наук</subfield><subfield code="b">Институт российской истории</subfield></datafield><datafield ind1=" " ind2=" " tag="900"><subfield code="a">REROnoselfmerge</subfield></datafield></record>
</metadata></record>