<record><header><identifier>oai:alma.41SLSP_UGE:991000031289705502</identifier><datestamp>2024-03-19T01:45:47Z</datestamp><setSpec>uge_bcen_RapidILL_BOOK</setSpec><setSpec>uge_aaca_RapidILL_BOOK</setSpec><setSpec>uge_abels_RapidILL_BOOK</setSpec><setSpec>uge_dbu_RapidILL_BOOK</setSpec><setSpec>uge_cmu_RapidILL_BOOK</setSpec><setSpec>uge_mail_RapidILL_BOOK</setSpec><setSpec>uge_abbat_RapidILL_BOOK</setSpec><setSpec>UNIGE_ALL</setSpec><setSpec>uge_aobs_RapidILL_BOOK</setSpec><setSpec>uge_acar_RapidILL_BOOK</setSpec></header><metadata>
<record xmlns="http://www.loc.gov/MARC21/slim" xmlns:xsi="http://www.w3.org/2001/XMLSchema-instance" xsi:schemaLocation="http://www.loc.gov/MARC21/slim http://www.loc.gov/standards/marcxml/schema/MARC21slim.xsd"><leader>02770nam a2200661 c 4500</leader><controlfield tag="001">991000031289705502</controlfield><controlfield tag="005">20240318075500.0</controlfield><controlfield tag="008">201011s1996    gw ||||| |||| 00| ||ger d</controlfield><datafield ind1=" " ind2=" " tag="020"><subfield code="a">3451261154</subfield></datafield><datafield ind1=" " ind2=" " tag="035"><subfield code="a">(swissbib)224922661-41slsp_network</subfield></datafield><datafield ind1=" " ind2=" " tag="035"><subfield code="a">224922661</subfield><subfield code="9">ExL</subfield></datafield><datafield ind1=" " ind2=" " tag="035"><subfield code="a">(RERO)2245120-41slsp</subfield></datafield><datafield ind1=" " ind2=" " tag="035"><subfield code="a">(NEBIS)007968693EBI01</subfield></datafield><datafield ind1=" " ind2=" " tag="035"><subfield code="a">(NEBIS)001640949EBI01</subfield></datafield><datafield ind1=" " ind2=" " tag="035"><subfield code="a">(IDSLU)000121955ILU01</subfield></datafield><datafield ind1=" " ind2=" " tag="035"><subfield code="a">(IDSBB)001279369DSV01</subfield></datafield><datafield ind1=" " ind2=" " tag="035"><subfield code="a">(EXLNZ-41SLSP_NETWORK)991019251259705501</subfield></datafield><datafield ind1=" " ind2=" " tag="040"><subfield code="a">RERO frbcuc</subfield><subfield code="d">CH-ZuSLS</subfield></datafield><datafield ind1=" " ind2=" " tag="044"><subfield code="a">gw</subfield><subfield code="a">sz</subfield></datafield><datafield ind1=" " ind2="7" tag="072"><subfield code="a">th</subfield><subfield code="2">rero</subfield></datafield><datafield ind1=" " ind2="7" tag="072"><subfield code="a">730</subfield><subfield code="2">IDS LU</subfield></datafield><datafield ind1=" " ind2="7" tag="072"><subfield code="a">th</subfield><subfield code="2">SzZuIDS BS/BE</subfield></datafield><datafield ind1="1" ind2=" " tag="080"><subfield code="a">22.07HTHK-NT</subfield></datafield><datafield ind1="0" ind2="4" tag="082"><subfield code="a">225.9</subfield></datafield><datafield ind1="0" ind2="4" tag="082"><subfield code="a">225.92</subfield></datafield><datafield ind1="0" ind2="4" tag="082"><subfield code="a">225.924</subfield></datafield><datafield ind1=" " ind2=" " tag="084"><subfield code="a">BC 4800</subfield><subfield code="2">rvk</subfield></datafield><datafield ind1=" " ind2=" " tag="084"><subfield code="a">BC 7270</subfield><subfield code="2">rvk</subfield></datafield><datafield ind1="1" ind2=" " tag="100"><subfield code="6">880-01</subfield><subfield code="a">Gnilka, Joachim</subfield><subfield code="d">1928-2018</subfield><subfield code="0">(DE-588)115673822</subfield><subfield code="4">aut</subfield></datafield><datafield ind1="1" ind2=" " tag="880"><subfield code="6">100-01</subfield><subfield code="a">Gnilka, Joachim</subfield><subfield code="d">1928-2018</subfield><subfield code="0">(IDREF)029309549</subfield><subfield code="4">aut</subfield></datafield><datafield ind1="1" ind2="0" tag="245"><subfield code="a">Paulus von Tarsus Apostel und Zeuge</subfield><subfield code="c">Joachim Gnilka</subfield></datafield><datafield ind1=" " ind2="1" tag="264"><subfield code="a">Freiburg i. Br.</subfield><subfield code="b">Herder</subfield><subfield code="c">1996</subfield></datafield><datafield ind1=" " ind2=" " tag="300"><subfield code="a">332 S., 8 S. Farbtaf.</subfield><subfield code="b">Kartensk.</subfield></datafield><datafield ind1=" " ind2=" " tag="336"><subfield code="b">txt</subfield><subfield code="2">rdacontent</subfield></datafield><datafield ind1=" " ind2=" " tag="337"><subfield code="b">n</subfield><subfield code="2">rdamedia</subfield></datafield><datafield ind1=" " ind2=" " tag="338"><subfield code="b">nc</subfield><subfield code="2">rdacarrier</subfield></datafield><datafield ind1="1" ind2=" " tag="490"><subfield code="a">Herders theologischer Kommentar zum Neuen Testament</subfield><subfield code="v">Supplementbd. 6</subfield></datafield><datafield ind1=" " ind2=" " tag="500"><subfield code="a">Auch als Lizenzausg. in Schuber, zusammen mit den Suppl.bänden 5 und 3, u. d. gemeinsamen Titel: Wie das Christentum entstand</subfield></datafield><datafield ind1=" " ind2=" " tag="500"><subfield code="a">Untertitel auf dem Umschlag: Zeuge und Apostel</subfield></datafield><datafield ind1="0" ind2="7" tag="600"><subfield code="a">Paul</subfield><subfield code="c">saint</subfield><subfield code="d">0005?-0067?</subfield><subfield code="0">(IDREF)052468844</subfield><subfield code="2">idref</subfield></datafield><datafield ind1="0" ind2="7" tag="600"><subfield code="a">Paulus (Apostel)</subfield><subfield code="2">idszbz</subfield></datafield><datafield ind1="0" ind2="7" tag="600"><subfield code="a">Paulus</subfield><subfield code="c">Apostel, Heiliger</subfield><subfield code="0">(DE-588)118641549</subfield><subfield code="2">gnd</subfield></datafield><datafield ind1="0" ind2="0" tag="600"><subfield code="a">Paul</subfield><subfield code="c">the Apostle, Saint</subfield></datafield><datafield ind1="0" ind2="7" tag="600"><subfield code="a">Paulus</subfield><subfield code="c">Apostel</subfield><subfield code="2">idsbb</subfield></datafield><datafield ind1="0" ind2="0" tag="630"><subfield code="a">Bible</subfield><subfield code="p">Epistles of Paul</subfield><subfield code="x">Theology</subfield></datafield><datafield ind1=" " ind2="7" tag="650"><subfield code="a">Théologie</subfield><subfield code="0">(IDREF)027488446</subfield><subfield code="2">idref</subfield></datafield><datafield ind1=" " ind2="7" tag="650"><subfield code="a">Évangélisation</subfield><subfield code="0">(IDREF)027316807</subfield><subfield code="2">idref</subfield></datafield><datafield ind1=" " ind2="7" tag="650"><subfield code="a">Missions</subfield><subfield code="0">(IDREF)027323064</subfield><subfield code="2">idref</subfield></datafield><datafield ind1=" " ind2="7" tag="655"><subfield code="a">Biographie</subfield><subfield code="2">idszbz</subfield></datafield><datafield ind1=" " ind2=" " tag="690"><subfield code="a">Paulus, Apostel, B: Biographie &amp; Werk</subfield><subfield code="2">rzs-L1</subfield></datafield><datafield ind1=" " ind2=" " tag="690"><subfield code="a">Paulus, Apostel hl., Leben, Forschung</subfield><subfield code="2">rzs-KK</subfield></datafield><datafield ind1="4" ind2="2" tag="856"><subfield code="3">Inhaltsverzeichnis</subfield><subfield code="u">https://www.ub.unibas.ch/tox/IDSLUZ/000121955/PDF</subfield><subfield code="q">pdf</subfield></datafield><datafield ind1=" " ind2="0" tag="830"><subfield code="a">Herders theologischer Kommentar zum Neuen Testament</subfield><subfield code="v">S/6</subfield><subfield code="w">(NEBIS)001003565EBI01</subfield></datafield><datafield ind1=" " ind2="0" tag="830"><subfield code="a">Herders theologischer Kommentar zum Neuen Testament</subfield><subfield code="p">Supplementband</subfield><subfield code="v">6</subfield><subfield code="w">(IDSBB)000185126DSV01</subfield></datafield><datafield ind1=" " ind2="0" tag="830"><subfield code="a">Herders theologischer Kommentar zum Neuen Testament</subfield><subfield code="p">Supplementband</subfield><subfield code="v">6</subfield><subfield code="w">(NEBIS)007702351EBI01</subfield></datafield><datafield ind1=" " ind2="0" tag="830"><subfield code="a">Herders theologischer Kommentar zum Neuen Testament</subfield><subfield code="v">S/6</subfield><subfield code="w">(IDSLU)000165242ILU01</subfield></datafield><datafield ind1=" " ind2="0" tag="830"><subfield code="a">Herders theologischer Kommentar zum Neuen Testament</subfield><subfield code="v">Supplementbd/6</subfield><subfield code="w">(RERO)0566192-41slsp</subfield></datafield><datafield ind1=" " ind2=" " tag="900"><subfield code="a">REROnoselfmerge</subfield></datafield><datafield ind1=" " ind2=" " tag="949"><subfield code="a">https://www.ub.unibas.ch/tox/IDSLUZ/000121955/PDF</subfield></datafield></record>
</metadata></record>