<record><header><identifier>oai:alma.41SLSP_UGE:991000031389705502</identifier><datestamp>2023-03-01T01:09:05Z</datestamp><setSpec>uge_bcen_RapidILL_BOOK</setSpec><setSpec>uge_aaca_RapidILL_BOOK</setSpec><setSpec>uge_abels_RapidILL_BOOK</setSpec><setSpec>uge_dbu_RapidILL_BOOK</setSpec><setSpec>uge_cmu_RapidILL_BOOK</setSpec><setSpec>uge_mail_RapidILL_BOOK</setSpec><setSpec>UNIGE_ALL</setSpec><setSpec>uge_abbat_RapidILL_BOOK</setSpec><setSpec>uge_aobs_RapidILL_BOOK</setSpec><setSpec>uge_acar_RapidILL_BOOK</setSpec></header><metadata>
<record xmlns="http://www.loc.gov/MARC21/slim" xmlns:xsi="http://www.w3.org/2001/XMLSchema-instance" xsi:schemaLocation="http://www.loc.gov/MARC21/slim http://www.loc.gov/standards/marcxml/schema/MARC21slim.xsd"><leader>01391nam a2200361 c 4500</leader><controlfield tag="001">991000031389705502</controlfield><controlfield tag="005">20211109194617.0</controlfield><controlfield tag="008">201011s1977    xxu||||| |||| 00| ||eng d</controlfield><datafield ind1=" " ind2=" " tag="020"><subfield code="a">0814202519</subfield></datafield><datafield ind1="7" ind2=" " tag="024"><subfield code="a">http://catalogue.bnf.fr/ark:/12148/cb35114389t</subfield><subfield code="2">uri</subfield></datafield><datafield ind1=" " ind2=" " tag="035"><subfield code="a">(swissbib)215780116-41slsp_network</subfield></datafield><datafield ind1=" " ind2=" " tag="035"><subfield code="a">215780116</subfield><subfield code="9">ExL</subfield></datafield><datafield ind1=" " ind2=" " tag="035"><subfield code="a">(RERO)1297442-41slsp</subfield></datafield><datafield ind1=" " ind2=" " tag="035"><subfield code="a">(IDSBB)000657475DSV01</subfield></datafield><datafield ind1=" " ind2=" " tag="035"><subfield code="a">(EXLNZ-41SLSP_NETWORK)991002636699705501</subfield></datafield><datafield ind1=" " ind2=" " tag="040"><subfield code="a">RERO neubfl</subfield><subfield code="d">CH-ZuSLS</subfield></datafield><datafield ind1=" " ind2="7" tag="072"><subfield code="a">an</subfield><subfield code="2">rero</subfield></datafield><datafield ind1="1" ind2=" " tag="080"><subfield code="a">820(73)&quot;17/18&quot;HAW1</subfield></datafield><datafield ind1=" " ind2=" " tag="084"><subfield code="a">HT 5400</subfield><subfield code="2">rvk</subfield></datafield><datafield ind1="1" ind2=" " tag="100"><subfield code="a">Hawthorne, Nathaniel</subfield><subfield code="d">1804-1864</subfield><subfield code="0">(IDREF)026916649</subfield><subfield code="4">cre</subfield></datafield><datafield ind1="1" ind2="0" tag="245"><subfield code="a">&lt;&lt;The&gt;&gt; American claimant manuscripts</subfield><subfield code="b">&quot;The ancestral footstep&quot;, &quot;Etherege&quot;, &quot;Grimshawe&quot;</subfield><subfield code="c">Nathaniel Hawthorne</subfield></datafield><datafield ind1=" " ind2="1" tag="264"><subfield code="a">[Columbus]</subfield><subfield code="b">Ohio State university press</subfield><subfield code="c">[1977]</subfield></datafield><datafield ind1=" " ind2="4" tag="264"><subfield code="c">© 1977</subfield></datafield><datafield ind1=" " ind2=" " tag="300"><subfield code="a">XI, 657 p.</subfield><subfield code="c">25 cm</subfield></datafield><datafield ind1=" " ind2=" " tag="336"><subfield code="b">txt</subfield><subfield code="2">rdacontent</subfield></datafield><datafield ind1=" " ind2=" " tag="337"><subfield code="b">n</subfield><subfield code="2">rdamedia</subfield></datafield><datafield ind1=" " ind2=" " tag="338"><subfield code="b">nc</subfield><subfield code="2">rdacarrier</subfield></datafield><datafield ind1="1" ind2=" " tag="490"><subfield code="a">The centenary edition of the works of Nathaniel Hawthorne</subfield><subfield code="v">vol. 12</subfield></datafield><datafield ind1="0" ind2="2" tag="740"><subfield code="a">&lt;&lt;The&gt;&gt; ancestral footstep</subfield></datafield><datafield ind1="0" ind2="2" tag="740"><subfield code="a">Etherege</subfield></datafield><datafield ind1="0" ind2="2" tag="740"><subfield code="a">Grimshawe</subfield></datafield><datafield ind1="1" ind2=" " tag="800"><subfield code="a">Hawthorne, Nathaniel</subfield><subfield code="d">1804-1864</subfield><subfield code="t">&lt;&lt;The&gt;&gt; centenary edition of the works of Nathaniel Hawthorne</subfield><subfield code="v">12</subfield><subfield code="w">(IDSBB)000657463DSV01</subfield></datafield><datafield ind1="1" ind2=" " tag="800"><subfield code="a">Hawthorne, Nathaniel</subfield><subfield code="t">&lt;&lt;The&gt;&gt; centenary edition of the works of Nathaniel Hawthorne</subfield><subfield code="v">12</subfield><subfield code="w">(RERO)1297409-41slsp</subfield></datafield><datafield ind1=" " ind2=" " tag="900"><subfield code="a">REROnoselfmerge</subfield></datafield></record>
</metadata></record>