<record><header><identifier>oai:alma.41SLSP_UGE:991000031599705502</identifier><datestamp>2023-03-01T01:09:05Z</datestamp><setSpec>uge_bcen_RapidILL_BOOK</setSpec><setSpec>uge_aaca_RapidILL_BOOK</setSpec><setSpec>uge_abels_RapidILL_BOOK</setSpec><setSpec>uge_dbu_RapidILL_BOOK</setSpec><setSpec>uge_cmu_RapidILL_BOOK</setSpec><setSpec>uge_mail_RapidILL_BOOK</setSpec><setSpec>UNIGE_ALL</setSpec><setSpec>uge_abbat_RapidILL_BOOK</setSpec><setSpec>uge_aobs_RapidILL_BOOK</setSpec><setSpec>uge_acar_RapidILL_BOOK</setSpec></header><metadata>
<record xmlns="http://www.loc.gov/MARC21/slim" xmlns:xsi="http://www.w3.org/2001/XMLSchema-instance" xsi:schemaLocation="http://www.loc.gov/MARC21/slim http://www.loc.gov/standards/marcxml/schema/MARC21slim.xsd"><leader>01026nam a2200289 c 4500</leader><controlfield tag="001">991000031599705502</controlfield><controlfield tag="005">20201229233329.0</controlfield><controlfield tag="008">201011s1969    xxk||||| |||| 00| ||eng d</controlfield><datafield ind1=" " ind2=" " tag="020"><subfield code="a">0070941165</subfield></datafield><datafield ind1=" " ind2=" " tag="035"><subfield code="a">(swissbib)216058929-41slsp_network</subfield></datafield><datafield ind1=" " ind2=" " tag="035"><subfield code="a">216058929</subfield><subfield code="9">ExL</subfield></datafield><datafield ind1=" " ind2=" " tag="035"><subfield code="a">(RERO)0854130-41slsp</subfield></datafield><datafield ind1=" " ind2=" " tag="035"><subfield code="a">(NEBIS)000295736EBI01</subfield></datafield><datafield ind1=" " ind2=" " tag="035"><subfield code="a">(EXLNZ-41SLSP_NETWORK)991124101999705501</subfield></datafield><datafield ind1=" " ind2=" " tag="040"><subfield code="a">RERO geussc</subfield><subfield code="d">CH-ZuSLS</subfield></datafield><datafield ind1=" " ind2="7" tag="072"><subfield code="a">ch</subfield><subfield code="2">rero</subfield></datafield><datafield ind1="1" ind2=" " tag="100"><subfield code="a">Williams, Andrew</subfield><subfield code="c">Chimiste</subfield><subfield code="0">(RERO)A012410372</subfield><subfield code="4">cre</subfield></datafield><datafield ind1="1" ind2="0" tag="245"><subfield code="a">Introduction to the chemistry of enzyme action</subfield><subfield code="c">A. Williams</subfield></datafield><datafield ind1=" " ind2="1" tag="264"><subfield code="a">London</subfield><subfield code="a">New York [etc.]</subfield><subfield code="b">McGraw-Hill</subfield><subfield code="c">[1969]</subfield></datafield><datafield ind1=" " ind2="4" tag="264"><subfield code="c">© 1969</subfield></datafield><datafield ind1=" " ind2=" " tag="300"><subfield code="a">VIII, 130 p.</subfield><subfield code="c">22 cm</subfield><subfield code="b">fig.; tab.</subfield></datafield><datafield ind1=" " ind2=" " tag="336"><subfield code="b">txt</subfield><subfield code="2">rdacontent</subfield></datafield><datafield ind1=" " ind2=" " tag="337"><subfield code="b">n</subfield><subfield code="2">rdamedia</subfield></datafield><datafield ind1=" " ind2=" " tag="338"><subfield code="b">nc</subfield><subfield code="2">rdacarrier</subfield></datafield><datafield ind1="1" ind2=" " tag="490"><subfield code="a">European chemistry series</subfield></datafield><datafield ind1=" " ind2="7" tag="650"><subfield code="a">ENZYMREAKTION + ENZYMATISCHER REAKTIONSMECHANISMUS + ENZYMATISCHE KATALYSE (BIOCHEMIE)</subfield><subfield code="9">ger</subfield><subfield code="0">(ETHUDK)000022035</subfield><subfield code="2">ethudk</subfield></datafield><datafield ind1=" " ind2=" " tag="830"><subfield code="a">European chemistry series</subfield><subfield code="w">(RERO)0854136-41slsp</subfield></datafield><datafield ind1=" " ind2=" " tag="900"><subfield code="a">REROnoselfmerge</subfield></datafield></record>
</metadata></record><resumptionToken>1900-01-01@all@UNIGE_ALL@marc21@5986484920005502</resumptionToken></ListRecords></OAI-PMH>